{"took":11766,"timed_out":false,"_shards":{"total":24,"successful":24,"failed":0},"hits":{"total":712559480,"max_score":1.0,"hits":[{"_index":"de_content_201410","_type":"resourceQ","_id":"http://kinokai.de/google_suche.php?q=jake+weber","_score":1.0, "_source" : {"body":"   Web kinokai.de Suchen Sie mit Google im Internet oder bei kinokai.de. ","title":"Google Suche bei kinokai.de","desc":null,"details":{"length":73,"language":"de","date":"2014/10/31 16:18:31","type":"text/html","country":""},"crawling":{"duration":"1","date":"2014/10/31 16:18:31"},"metas":[],"uri":{"protocol":"http","domain":"de.kinokai.","url":"http://kinokai.de/google_suche.php?q=jake+weber"}}},{"_index":"de_content_201410","_type":"resourceQ","_id":"http://stg-brandenburg.de/ortsteil-plaue.html","_score":1.0, "_source" : {"body":" Home   |    Newsletter   |    Kontakt   |    Login Reiseführer Innenstadt BRB Infomaterial Veranstaltungen BUGA 2015 Über uns Online Shop Deutsch Nederlands > Sehen & Erleben Sehenswertes Dom, Kloster & Kirchen Prägende Bauten Historisches Backsteingotik Naturdenkmale & Tierwelt Lieblingsplätze Die Havel Ortsteile Plaue, Kirchmöser & Gollwitz Aktivitäten Rund um das Wasser Schwimm- und Erlebnisbad Wandern & Spazieren Radfahren Angeln Reiten Unterwegs mit Kindern Sportlich Aktiv Kultur Theater Museen & Sammlungen Gedenken der Stadt Ausstellungen & Galerien Kino Loriot Kulturveranstaltungen Classic Summer Theater Brandenburger Klostersommer Konzerte und Kirchenmusik Ausflüge in die Region Havelland Ketzin Fläming Magdeburg Potsdam Berlin Führungen & Pakete Stadtführungen Stadtschnuppertour Große Stadtschnuppertour Magdfrau Christine Brandenburg an der Havel begegnen Weitere... Stadtrundweg Innenstadt Terminstadtführungen Nachtwächterin Christine Unterwegs mit dem Segway Oster- und Pfingstspaziergang Mystisch und Unheimlich Gruppen-Stadtführungen Backsteingotik 1000 jährige Baugeschichte Literarischer Stadtspaziergang Schulklassen Kremser Stadtbefestigung Brückenwanderung Rolandführung Bundesgartenschau 2015 Havelregion Gruppen-Erlebnispakete 7-Seen- Tour Dom St. Peter & Paul Brandenburger Domgenuss Klostersommer Fritze Bollmann Auf den Spuren der Mark Brandenburg musikalischer Stadtrundgang mit Schifffahrt auf dem Beetzsee Erlebnis Kulturgeschichte Urlaubs-Angebote Yachtcharter Segway E-Bike Special Winterzauber Mystisches Zeiten Gastgeber & Pakete Erlebnispakete in 2014 Hotels & Hostel Pensionen Ferienhäuser & FeWo Camping Essen & Trinken Deutsche Küche Internationale Küche Essen am Wasser Bistros, Kneipen & Bars Cafés & Eiscafés Service & Infos Touristinformation Abfahrtzeiten Dampfer Anfahrt Buchen & Informieren Allgemeine Geschäftsbedingungen Reiseschutz Hinweise zu den Reiseangeboten Wussten Sie...? Bildergalerie Imagevideos ServiceQualität Qualitäts-Stadt Vorteile als Q-Betrieb Q-Betriebe in der Havelstadt > Reiseführer  Sehen & Erleben  Sehenswertes  Ortsteile Plaue, Kirchmöser & Gollwitz Plaue - Das Tor zur Unteren Havel Das Fischerörtchen Plaue blickt auf eine lange Fischfangtradition zurück, die alljährlich mit dem \"Plauer Fischerjakobi\" gefeiert wird. Weiterlesen … Das Schloss Plaue Das Schloss Plaue, direkt am nordwestlichen Ufer des Plauer Sees gelegen, blickt auf eine lange Historie zurück... Weiterlesen … Gollwitz an der Havel Der Ortsteil Gollwitz ist seit 2003 eingemeindet. Ein Abstecher lohnt sich, um die Kirche sowie das Mausoleum und den Gutspark mit Gutshaus zu besichtigen. Weiterlesen … Gutspark Gollwitz Der Gutspark bietet einen sehr alten Eibenbestand und lädt zu jeder Jahreszeit zu einem Spaziergang ein. Das Gutshaus wurde saniert und als Haus der Begegnung neu eröffnet. Weiterlesen … Kirchmöser Kirchmöser ein lohnendes Ausflugsziel: Viel Wasser und Industriegeschichte erwarten Sie. Weiterlesen … Wussten Sie, dass „Donnerbart\" vor Blitzschlag schützen soll? Das Standbild des Rolands, das seit Mitte des 15. Jahrhunderts die Stadt Brandenburg an der Havel beschützt, ... Telefon-Hotline Für Ihre Anfrage erreichen Sie uns: Telefon Hotline: 033 81 79 63 60 Hotline international: +49 33 81 79 63 60 Anfrage-Formular Stadtplan Brandenburg an der Havel Videoansichten der Stadt - Stadtfilm Veranstaltungen: Was ist heute los? Informationsmaterial Kataloge, Flyer & Prospekte Hier finden Sie Kataloge oder Prospekte. Fordern Sie es über die Auswahl gleich an. ÖPNV: Öffentlicher Nahverkehr Anfahrt Brandenburg an der Havel Routenplaner von: nach: Was können wir für Sie tun? Bitte wählen Sie ... Angeln Barrierefreiheit Caravan Einkaufsmöglichkeiten Familienurlaub Grußkarten Oldtimer Radwandern Reisejournal Studium Übernachtungsmöglichkeiten Wasserwandern   > Team Sitemap Newsletter Kontakt Impressum Login > ","title":"Plaue, Kirchmöser und Gollwitz - Ortteile von Brandenburg an der Havel - Ausflugsziel im Havelland. - Reiseführer Brandenburg an der Havel - Urlaubsziel im Havelland","desc":"Das Fischerörtchen Plaue blickt auf eine lange Fischfangtradition zurück, die alljährlich mit dem Plauer Fischerjakobi gefeiert wird. Das Schloss Plaue, direkt am nordwestlichen Ufer des Plauer Sees gelegen, blickt auf eine lange Historie zurück... Der Ortsteil Gollwitz ist seit 2003 eingemeindet. Ein Abstecher lohnt sich, um die Kirche sowie das Mausoleum und den Gutspark mit Gutshaus zu besichtigen. Der Gutspark bietet einen sehr alten Eibenbestand und lädt zu jeder Jahreszeit zu einem Spaziergang ein. Das Gutshaus wurde saniert und als Haus der Begegnung neu eröffnet. Kirchmöser ein lohnendes Ausflugsziel: Viel Wasser und Industriegeschichte erwarten Sie.","details":{"length":3886,"language":"de","date":"2014/10/31 16:18:33","type":"text/html","country":""},"crawling":{"duration":"1","date":"2014/10/31 16:18:33"},"metas":[{"name":"robots","value":"index,follow"},{"name":"description","value":"Das Fischerörtchen Plaue blickt auf eine lange Fischfangtradition zurück, die alljährlich mit dem Plauer Fischerjakobi gefeiert wird. Das Schloss Plaue, direkt am nordwestlichen Ufer des Plauer Sees gelegen, blickt auf eine lange Historie zurück... Der Ortsteil Gollwitz ist seit 2003 eingemeindet. Ein Abstecher lohnt sich, um die Kirche sowie das Mausoleum und den Gutspark mit Gutshaus zu besichtigen. Der Gutspark bietet einen sehr alten Eibenbestand und lädt zu jeder Jahreszeit zu einem Spaziergang ein. Das Gutshaus wurde saniert und als Haus der Begegnung neu eröffnet. Kirchmöser ein lohnendes Ausflugsziel: Viel Wasser und Industriegeschichte erwarten Sie. "},{"name":"keywords","value":""}],"uri":{"protocol":"http","domain":"de.stg-brandenburg.","url":"http://stg-brandenburg.de/ortsteil-plaue.html"}}},{"_index":"de_content_201410","_type":"resourceQ","_id":"http://helmstedter-nachrichten.de/nachrichten/wissenschaft/solar-impulse-2-absolviert-jungfernflug-problemlos-id1472522.html","_score":1.0, "_source" : {"body":" Mo 19° Di 19° Wissenschaft BZV Medien Haus Information RSS Mobil Facebook Twitter Suche Suchen Lokales Region Debatte Sport Nachrichten Wirtschaft Boulevard Kultur Verbraucher Leserservice Anzeigen auto38 immo38 job38 Home Nachrichten Wissenschaft Europa-Welt Deutschland Niedersachsen Thema des Tages Panorama Korrespondenten studi38 Jetzt weiterlesen und mehr erfahren ... Hier erhalten Sie Ihren persönlichen Zugang zu allen Inhalten Informieren Jetzt Kaufen   2014-06-02T12:32:08+0200 «Solar Impulse 2» absolviert Jungfernflug problemlos Payerne Knapp ein Jahr vor einer geplanten Erdumrundung hat das Schweizer Sonnenenergie-Flugzeug «Solar Impulse 2» erfolgreich seinen Jungfernflug absolviert. «Solar Impulse 2» ist mit mehr als 17 200 Solarzellen ausgestattet. Foto: Laurent Gillieron Anzeige     Anzeige Mehr aus diesem Ressort Sonnenbäder machen Mäuse ähnlich abhängig wie Drogen Boston (dpa) – Regelmäßige Sonnenbäder können einer Tierstudie zufolge vermutlich ähnlich abhängig machen wie...  [mehr lesen] Massenweise illegal geschlagenes Holz in Myanmar... Zahl der Zecken nimmt auch in Stadtgebieten zu Kommentar ANZEIGE flirt38 .de Anzeige Ich bin bitte auswählen eine Frau ein Mann Ich suche Frauen/Männer eine Frau einen Mann von 18 19 20 21 22 23 24 25 26 27 28 29 30 31 32 33 34 35 36 37 38 39 40 41 42 43 44 45 46 47 48 49 50 51 52 53 54 55 56 57 58 59 60 61 62 63 64 65 66 67 68 69 70 71 72 73 74 75 76 77 78 79 80 81 82 83 84 85 86 87 88 89 90 91 92 93 94 95 96 97 98 99 bis 18 19 20 21 22 23 24 25 26 27 28 29 30 31 32 33 34 35 36 37 38 39 40 41 42 43 44 45 46 47 48 49 50 51 52 53 54 55 56 57 58 59 60 61 62 63 64 65 66 67 68 69 70 71 72 73 74 75 76 77 78 79 80 81 82 83 84 85 86 87 88 89 90 91 92 93 94 95 96 97 98 99   ANZEIGE Fotos & Videos 12. Triathlon am Tankumsee Kurioses Kräftemessen der Armdrückerinnen Eintracht gewinnt gegen BZ-Stadtauswahl Alle Fotos Alle Videos ANZEIGE Meist gelesen 1 Ein Fest in Sevilla – ein Fest für die Augen 2 Domfest wegen Regens abgesagt 3 Kreistag bleibt bei Verzicht auf baldige Landratswahl 4 Oldtimer-Treffen in Gedenkstätte Marienborn 5 Mobile Zeitzeugen erinnern an das Ende der Grenzkontrollen ANZEIGE Service Abo-Bestellung Abo-Service Kontakt Leser-Reisen Payper-Card wir mobil Über uns E-Paper & -App Ihre elektronische Ausgabe als E-Paper und E-Paper-App E-PAPER E-PAPER-APP Anzeigenmärkte & Marktplätze job38.de immo38.de auto38.de Reise An-/Verkauf flohmarkt38.de Partnersuche Freude Trauer prospekt38.de Anzeige schalten Impressum und Kontakt Datenschutzerklärung Nutzungsbasierte Onlinewerbung Leserfoto-Upload Netiquette Lokales Helmstedt Region Wolfsburg Braunschweig Wolfenbüttel Gifhorn Salzgitter Peine Harz Eulenspiegel Debatte Pro & Contra Kommentare Ombudsrat Antworten Leser fragen Ihre Hinweise Leserbriefe Sport WM 2014 VfL Wolfsburg EHC Eintracht Phantoms Lions Live-Ticker Regionalsport Fußball Mehr Sport Tabellen Nachrichten Europa-Welt Deutschland Niedersachsen Thema des Tages Panorama Wissenschaft Korrespondenten studi38 Wirtschaft Börse Wirtschaftsregister job38 mein38 praktikum38 Boulevard Hollywood Szene Kultur Bühne Musik Ausstellungen Porträts Bücher Kino konzertkasse.de Verbraucher Geld & Recht Lebensstil Gesundheit Essen & Trinken Familie Digitales Leben Haus & Garten Frühlingsgefühle Leserservice Abo-Bestellung Abo-Service Kontakt E-Paper Payper-Card Leser-Reisen Wir mobil Konzertkasse Über uns Anzeigen Reise An-/Verkauf Flohmarkt Trauer Freude Partnersuche Magazine Messen Mediadaten auto38 immo38 job38   © BZV Medienhaus GmbH (2014) Jetzt online werben Über uns Karriere Nachrichtenportale braunschweiger-zeitung.de wolfsburger-nachrichten.de salzgitter-zeitung.de peiner-nachrichten.de wolfenbuetteler-zeitung.de gifhorner-rundschau.de helmstedter-nachrichten.de harzkurier.de E-Paper Marktplätze immo38.de auto38.de job38.de flohmarkt38.de prospekt38.de deal38.de konzertkasse.de Special Interests unser38.de studi38.de insport38.de szene38.de flirt38.de zukunftbilden.org Service-Portale vergleich38.de mein38.de praktikum38.de   ","title":"«Solar Impulse 2» absolviert Jungfernflug problemlos | Wissenschaft | Helmstedter Nachrichten","desc":"Knapp ein Jahr vor einer geplanten Erdumrundung hat das Schweizer Sonnenenergie-Flugzeug «Solar Impulse 2» erfolgreich seinen Jungfernflug absolviert.","details":{"length":4049,"language":"de","date":"2014/10/31 16:18:32","type":"text/html","country":""},"crawling":{"duration":"1","date":"2014/10/31 16:18:32"},"metas":[{"name":"fb:page_id","value":"  "},{"name":"og:title","value":"«Solar Impulse 2» absolviert Jungfernflug problemlos"},{"name":"og:type","value":"article"},{"name":"og:url","value":"http://www.helmstedter-nachrichten.de/-id1472522.html"},{"name":"og:image","value":"http://www.braunschweiger-zeitung.de/img/Wissenschaft/crop1472523/7314277640-w156-h116/urn-newsml-dpa-com-20090101-140602-99-01380-large-4-3.jpg"},{"name":"keywords","value":"Luftverkehr, Technik, Leute, Schweiz"},{"name":"description","value":"Knapp ein Jahr vor einer geplanten Erdumrundung hat das Schweizer Sonnenenergie-Flugzeug «Solar Impulse 2» erfolgreich seinen Jungfernflug absolviert."},{"name":"google-site-verification","value":"OW2i74-Z0_G3TbqjjY8Q1-rYxlmWMYGwjSXIQokAbX8"},{"name":"googlebot","value":"noodp"},{"name":"viewport","value":"width=device-width, initial-scale=1.0"}],"uri":{"protocol":"http","domain":"de.helmstedter-nachrichten.","url":"http://helmstedter-nachrichten.de/nachrichten/wissenschaft/solar-impulse-2-absolviert-jungfernflug-problemlos-id1472522.html"}}},{"_index":"de_content_201410","_type":"resourceQ","_id":"http://adipositashilfe-forum.de/tag/225-bpd-ds/?s=5a891cc10d443ee79cbdb3373bbbbe3302b23ee7","_score":1.0, "_source" : {"body":" Sie sind nicht angemeldet. Anmelden Registrieren Ungelesene Beiträge Unbeantwortete Themen Themen der letzten 24 Stunden Erweiterte Suche Hilfe Forum der AdipositasHilfe Nord e.V. Portal Forum Arbeitskreise Snake Hilfe Forum der AdipositasHilfe Nord e.V. » Ergebnisse für »BPD-DS« Lieber Besucher, herzlich willkommen bei: Hilfe Forum der AdipositasHilfe Nord e.V.. Falls dies Ihr erster Besuch auf dieser Seite ist, lesen Sie sich bitte die Hilfe durch. Dort wird Ihnen die Bedienung dieser Seite näher erläutert. Darüber hinaus sollten Sie sich registrieren, um alle Funktionen dieser Seite nutzen zu können. Benutzen Sie das Registrierungsformular, um sich zu registrieren oder informieren Sie sich ausführlich über den Registrierungsvorgang. Falls Sie sich bereits zu einem früheren Zeitpunkt registriert haben, können Sie sich hier anmelden. Die beliebtesten Tags adipositas anfällig BPD-DS Diabetes mellitus Eiweiss Ernährungstagebuch Ernährungsumstellung forum Gastric Bypass gefährlich Ghrelin Ibbenbüren Internist Interview KK Klönschnack kontaktstelle Leitlinien lüneburg Magenbypass Magenplikatur Manipulation MDK Nasenbluten Nevella Nicht-operative Therapie Pate Plastische Chirurgie platische Chirurgie Quark Rechtsanwalt Reha-Sport Reportage Schwerpunktpraxis SHG Spiegel Spiegel-Online Splenda Sucralose Suppe Supplementierung Tim C. Werner Tricks Typ II Diabetes Ursachen Weihnachtsfeier 2013 WHO wo Ärzte Ü100 Party Übergewicht Hilfe Impressum Nutzungsbestimmungen Montag, 30. Juni 2014, 06:45 Zum Seitenanfang Forensoftware: Burning Board®, entwickelt von WoltLab® GmbH Dauerhaft angemeldet bleiben? ","title":"Ergebnisse für »BPD-DS« - Hilfe Forum der AdipositasHilfe Nord e.V.","desc":"Dieses Forum ist ein kostenfreies Angebot der AdipositasHilfe Nord e.V.","details":{"length":1619,"language":"de","date":"2014/10/31 16:18:33","type":"application/xhtml+xml","country":""},"crawling":{"duration":"1","date":"2014/10/31 16:18:33"},"metas":[{"name":"description","value":"Dieses Forum ist ein kostenfreies Angebot der AdipositasHilfe Nord e.V."},{"name":"keywords","value":"Adipositas, Uebergewicht, Selbsthilfegruppe, Magenballon, Magenband, Magenbypass, BPD, Erfahrungsberichte, wiederherstellung, who, adipositashilfe, verein, essstörung"}],"uri":{"protocol":"http","domain":"de.adipositashilfe-forum.","url":"http://adipositashilfe-forum.de/tag/225-bpd-ds/?s=5a891cc10d443ee79cbdb3373bbbbe3302b23ee7"}}},{"_index":"de_content_201410","_type":"resourceQ","_id":"http://ig-bouvier-des-flandres.de/forum/showthread.php?3336-hunde-im-auto&mode=threaded&p=80878","_score":1.0, "_source" : {"body":" Registrieren Hilfe Angemeldet bleiben? Forum Hilfe Kalender Aktionen Alle Foren als gelesen markieren Lexikon Mitgliederkarte Erweiterte Suche Forum Aktuelles Hunde im Auto Wenn dies Ihr erster Besuch hier ist, lesen Sie bitte zuerst die Hilfe - Häufig gestellte Fragen durch. Sie müssen sich vermutlich registrieren, bevor Sie Beiträge verfassen können. Klicken Sie oben auf 'Registrieren', um den Registrierungsprozess zu starten. Sie können auch jetzt schon Beiträge lesen. Suchen Sie sich einfach das Forum aus, das Sie am meisten interessiert. Ergebnis 1 bis 10 von 19 Thema: Hunde im Auto Themen-Optionen Druckbare Version zeigen Thema abonnieren… Anzeige Zur Linear-Darstellung wechseln Zur Hybrid-Darstellung wechseln Baum-Darstellung Baum-Darstellung 05.01.2012,  12:39 #1 Buggi Profil Beiträge anzeigen Private Nachricht Homepage besuchen Löwenbändigerin Registriert seit 19.08.2011 Ort Nettetal Beiträge 4.411 Hunde im Auto http://www.test.de/themen/versicheru...n-17557-17557/ Liebe Grüße Buggi, Karl und Aslan, der Löwe vom Birkenhof Zitieren Gehe zu: Aktuelles Nach oben Bereiche Benutzerkontrollzentrum Private Nachrichten Abonnements Wer ist online Foren durchsuchen Forum-Startseite Foren Forenregeln Erfahrungsaustausch Notfelle Glücksfelle Blog's Gesundheit und Pflege Die Erziehung der Bouviers Ernährung Bücherecke Trauerecke « Vorheriges Thema | Nächstes Thema » Lesezeichen Lesezeichen Mister Wong YiGG.de Google del.icio.us Berechtigungen Neue Themen erstellen: Nein Themen beantworten: Nein Anhänge hochladen: Nein Beiträge bearbeiten: Nein   BB-Code ist an. Smileys sind an. [IMG] Code ist an. [VIDEO] Code ist an. HTML-Code ist an. Foren-Regeln -- vB4 Standard-Style -- Bräunlich -- Grün -- Brau/Grau -- letzter Versuch -- Schmodder2 -- Standard Mobile Style Kontakt http://www.ig-bouvier-des-flandres.de Archiv Datenschutzerklärung Nach oben Alle Zeitangaben in WEZ +2. Es ist jetzt 13:01 Uhr. Powered by vBulletin® Version 4.2.2 (Deutsch) Copyright ©2014 Adduco Digital e.K. und vBulletin Solutions, Inc. Alle Rechte vorbehalten. Copyright © Interessengemeinschaft Bouvier des Flandres ","title":" Hunde im Auto","desc":"http://www.test.de/themen/versicherung-vorsorge/meldung/Tiere-im-Auto-Erst-gurten-dann-starten-17557-17557/","details":{"length":2116,"language":"de","date":"2014/10/31 16:18:31","type":"application/xhtml+xml","country":""},"crawling":{"duration":"1","date":"2014/10/31 16:18:31"},"metas":[{"name":"vb_meta_bburl","value":"http://ig-bouvier-des-flandres.de/forum"},{"name":"generator","value":"vBulletin 4.2.2"},{"name":"keywords","value":"hunde, rücksitzen, fahren, wichtig, umgebaut, grossen, gesichert, kofferaum, alubox, ähnlich, hunden, leute, beispiel, gefährt, aussteigen, gedanken, bouvelfreunde, aussen, http://www.pfotenwandern.de/html/wohnmobil.html, traum, teiler, sitzen, joyce, s-max, sicherer, umgeklappten, passenden, klein, geschossen, passieren, schnell, kleinhundehalter, zwerge, gefahren, hinter, komplett, gitter, verringern, mensch, lagerfläche, begrenzen, geschirr, doppelter, geeignet, leine, tisch, hoffe, großen, dreipunktgurte, geschoss"},{"name":"description","value":"http://www.test.de/themen/versicherung-vorsorge/meldung/Tiere-im-Auto-Erst-gurten-dann-starten-17557-17557/"}],"uri":{"protocol":"http","domain":"de.ig-bouvier-des-flandres.","url":"http://ig-bouvier-des-flandres.de/forum/showthread.php?3336-hunde-im-auto&mode=threaded&p=80878"}}},{"_index":"de_content_201410","_type":"resourceQ","_id":"http://immomakler-suche.de/immobilienmakler-drebach","_score":1.0, "_source" : {"body":" Immobilienmakler-Drebach | Makler-Drebach Home Maklersuche Partner-Login Sie suchen einen Immobilienmakler? Unsere Immobilienmakler in Ihrer Nähe helfen Ihnen gerne. Nur Formular ausfüllen und absenden! Hier Immobilienmaklervermittlung! - kostenlos und unverbindlich - Zum Formular Hier finden Sie eine hilfreiche Dienstleistung zur Suche von Immobilienmaklern-Drebach. Einfach das Anfrageformular ausfüllen und Sie erhalten Angebote und Vorschläge von Immobilienmaklern aus Drebach oder der näheren Umgebung. Der professionelle Immobilienmakler kennt die Marktsituation in der Region und hat oft auch Interessenten in der eigenen Datei. Der Immobilienmakler erstellt ein Expose und berät bei der Kaufpreisfindung. Die Absprache der Termine und die Durchführung der Besichtigungen übernimmt der Immobilienmakler ebenfalls. Sie planen für den Verkauf oder die Vermietung Ihrer Immobilie einen Immobilienmakler in Drebach zu beauftragen? Unsere Immobilienmakler in Drebach werden Sie umfassend beraten. Worauf warten Sie noch? Lassen Sie sich von uns einen Immobilienmakler-Drebach vermitteln. Also zögern Sie nicht und füllen Sie das Formular aus, um von den Immobilienmakler in unserem Partnernetzwerk Angebote zu bekommen. Infos zu Drebach Fläche & Bevölkerung Fläche: 21,44 Einwohner: 3463 Frauen: 1705 Männer: 1758 Kommunale Steuern in Drebach Grundsteuer A Hebesatz: 275 % Grundsteuer B Hebesatz: 360 % Letzte Landtagswahl CDU 41.1 PDS 23.6 SPD 9.8 NPD 9.2 FDP 5.9 Grüne 5.1 Orte in der Nähe CDU |  PDS |  SPD |  NPD |  FDP |  Grüne |  Berufsbild Immobilienmakler Der Maklerauftrag Allgemeinauftrag Makleralleinauftrag Qualifizierter Makleralleinauftrag Die Maklerprovision Benötige ich einen Makler? Guten Makler finden Ihre Daten sind sicher Immobilienmakler - Bewerbung Sie suchen einen Hausverwalter? Sie suchen einen Partyservice? Regionalseiten: Aachen |  Amberg |  Augsburg |  Bad Homburg |  Bamberg |  Bayreuth |  Berlin |  Bielefeld |  Bochum |  Bonn |  Braunschweig |  Bremen |  Celle |  Chemnitz |  Cottbus |  Darmstadt |  Delmenhorst |  Detmold |  Dortmund |  Dresden |  Duisburg |  Düsseldorf |  Elmshorn |  Erfurt |  Erlangen |  Essen |  Esslingen |  Frankfurt |  Frankfurt |  Freiburg |  Fulda |  Fürstenfeldbruck |  Gera |  Gießen |  Görlitz |  Göttingen |  Hagen |  Halle |  Hamburg |  Hamm |  Hannover |  Heidelberg |  Heilbronn |  Hildesheim |  Ingolstadt |  Kaiserslautern |  Karlsruhe |  Kassel |  Kempten |  Kiel |  Koblenz |  Köln |  Landshut |  Leipzig |  Leverkusen |  Lübeck |  Ludwigsburg |  Lüneburg |  Magdeburg |  Mainz |  Mannheim |  Mönchengladbach |  München |  Münster |  Neubrandenburg |  Nürnberg |  Oberhausen |  Offenbach |  Offenburg |  Oldenburg |  Oranienburg |  Osnabrück |  Passau |  Pforzheim |  Potsdam |  Ravensburg |  Regensburg |  Reutlingen |  Rosenheim |  Rostock |  Saarbrücken |  Schwerin |  Siegen |  Stuttgart |  Suhl |  Trier |  Ulm |  Villingen-Schwenningen |  Wiesbaden |  Wuppertal |  Würzburg |  Zwickau |  Impressum Kontakt Links Sitemap ","title":"Suche nach einem Immobilienmakler in 09435 Drebach","desc":"Sie suchen einen Immobilienmakler in 09435 Drebach? Wir vermitteln Ihnen kostenlos einen Anbieter aus der Region Drebach!","details":{"length":3003,"language":"de","date":"2014/10/31 16:18:33","type":"application/xhtml+xml","country":""},"crawling":{"duration":"1","date":"2014/10/31 16:18:33"},"metas":[{"name":"robots","value":"Index,Follow"},{"name":"language","value":"de"},{"name":"keywords","value":"Immobilienmakler-Drebach, Immobilienmakler,Makler,Maklersuche,Immobilienmaklersuche,Maklervermittlung,Grundstücke,Immobilien,Vermietungen,Immobilienverkauf,Wohnungsverkauf,Hausverkauf,Hausmakler,Wohnungsmakler,Immomakler"},{"name":"description","value":"Sie suchen einen Immobilienmakler in 09435 Drebach? Wir vermitteln Ihnen kostenlos einen Anbieter aus der Region Drebach!"},{"name":"page-topic","value":"Immobilien"},{"name":"audience","value":"Alle"}],"uri":{"protocol":"http","domain":"de.immomakler-suche.","url":"http://immomakler-suche.de/immobilienmakler-drebach"}}},{"_index":"de_content_201410","_type":"resourceQ","_id":"http://firmenkritiker-owl.de/index.php?page=/seiten/autohaeuser-in-owl-neuwagen-jahresw_15&sid=c2da053afeced7349329b850a644b2fe36602f5e","_score":1.0, "_source" : {"body":" Mittwoch, 09. Juli 2014, 13:01                   AUTOHÄUSER IN OWL NEUWAGEN JAHRESWAGEN GEBRAUCHTWAGEN AUTOHÄNDLER IN OWL AUTOMÄRKTE OWL AUTOHÄUSER IN LIPPE bielefeld aUTOFINANZIERUNGEN Startseite » AUTOHÄUSER IN OWL NEUWAGEN JAHRESWAGEN GEBRAUCHTWAGEN AUTOHÄNDLER IN OWL AUTOMÄRKTE OWL AUTOHÄUSER IN LIPPE bielefeld aUTOFINANZIERUNGEN AUTOHÄUSER IN OWL NEUWAGEN JAHRESWAGEN GEBRAUCHTWAGEN AUTOHÄNDLER IN OWL AUTOMÄRKTE OWL AUTOHÄUSER IN LIPPE bielefeld aUTOFINANZIERUNGEN 16.01.2014, 20:14 von Firmenkritiker | 4211 Aufrufe   FIRMENKRITIKEN LIPPE Firmenbewertungen Lippe TESTBERICHTE OWL FIRMENTESTS OWL FIRMENBEWERTUNEN OWL FIRMENPORTAL OWL FIRMEN IN OWL UNTERNEHMEN IN OWL FIRMEN OWL UNTERNEHMEN OWL RANGLISTE OWL FIRMENRANGLISTE OWL FIRMENCHECK OWL FIRMENCHECKS OWL FIRMENBEWERTUNGEN OWL FIRMEN BEWERTEN IN OWL UNTERNEHMENSBEWERTUNGEN OWL BEWERTUNGSPORTAL OWL FIRMENTESTBERICHTE OWL BEWERTUNGEN OWL FIRMENKRITIKER OWL FIRMENKRITIKEN OWL TESTURTEILE OWL TESTBERICHTE OWL ERFAHRUNGSBERICHTE OWL FIRMEN ERFAHRUNGEN SCHWARZE LISTEN OWL BLACKLISTS OWL SCHWARZE SCHAFE IN OWL RESTAURANTKRITIKEN OWL RESTAURANTESTS OWL RESTAURANTCHECKS OWL GASTROCHECKS OWL GASTROKRITIKEN OWL GASTROKRITIKER OWL HOTELBEWERTUNGEN OWL HOTELCHECK OWL HOTELERFAHRUNGEN OWL URLAUBSERFAHRUNGEN IN OWL REZENSIONEN OWL BESCHWERDEN OWL KRITIKEN OWL TESTBERICHTE OSTWESTFALEN FIRMENTESTS OSTWESTFALEN FIRMENBEWERTUNEN OSTWESTFALEN FIRMENPORTAL OSTWESTFALEN FIRMEN IN OSTWESTFALEN UNTERNEHMEN IN OWL FIRMEN OSTWESTFALEN UNTERNEHMEN OSTWESTFALEN RANGLISTE OSTWESTFALEN FIRMENRANGLISTE OSTWESTFALEN FIRMENCHECK OSTWESTFALEN FIRMENCHECKS OSTWESTFALEN FIRMENBEWERTUNGEN OSTWESTFALEN FIRMEN BEWERTEN IN OSTWESTFALEN UNTERNEHMENSBEWERTUNGEN OSTWESTFALEN BEWERTUNGSPORTAL OSTWESTFALEN FIRMENTESTBERICHTE OSTWESTFALEN BEWERTUNGEN OSTWESTFALEN FIRMENKRITIKER OSTWESTFALEN FIRMENKRITIKEN OSTWESTFALEN TESTURTEILE OSTWESTFALEN TESTBERICHTE OSTWESTFALEN ERFAHRUNGSBERICHTE OSTWESTFALEN FIRMEN ERFAHRUNGEN SCHWARZE LISTEN OSTWESTFALEN BLACKLISTS OSTWESTFALEN SCHWARZE SCHAFE IN OSTWESTFALEN RESTAURANTKRITIKEN OSTWESTFALEN RESTAURANTESTS OSTWESTFALEN RESTAURANTCHECKS OSTWESTFALEN GASTROCHECKS OSTWESTFALEN GASTROKRITIKEN OSTWESTFALEN GASTROKRITIKER OSTWESTFALEN HOTELBEWERTUNGEN OSTWESTFALEN HOTELCHECK OSTWESTFALEN HOTELERFAHRUNGEN OSTWESTFALEN URLAUBSERFAHRUNGEN IN OSTWESTFALEN REZENSIONEN OSTWESTFALEN BESCHWERDEN OSTWESTFALEN KRITIKEN OSTWESTFALEN TESTBERICHTE LIPPE FIRMENTESTS LIPPE FIRMENBEWERTUNEN LIPPE FIRMENPORTAL LIPPE FIRMEN IN LIPPE UNTERNEHMEN IN LIPPE FIRMEN LIPPE UNTERNEHMEN LIPPE RANGLISTE LIPPE FIRMENRANGLISTE LIPPE FIRMENCHECK LIPPE FIRMENCHECKS LIPPE FIRMENBEWERTUNGEN LIPPE FIRMEN BEWERTEN IN LIPPE UNTERNEHMENSBEWERTUNGEN LIPPE BEWERTUNGSPORTAL LIPPE FIRMENTESTBERICHTE LIPPE BEWERTUNGEN LIPPE FIRMENKRITIKER LIPPE FIRMENKRITIKEN LIPPE TESTURTEILE LIPPE TESTBERICHTE LIPPE ERFAHRUNGSBERICHTE LIPPE FIRMEN ERFAHRUNGEN SCHWARZE LISTEN LIPPE BLACKLISTS LIPPE SCHWARZE SCHAFE IN LIPPE RESTAURANTKRITIKEN LIPPE RESTAURANTESTS LIPPE RESTAURANTCHECKS LIPPE GASTROCHECKS LIPPE GASTROKRITIKEN LIPPE GASTROKRITIKER LIPPE HOTELBEWERTUNGEN LIPPE HOTELCHECK LIPPE HOTELERFAHRUNGEN LIPPE URLAUBSERFAHRUNGEN IN LIPPE REZENSIONEN LIPPE BESCHWERDEN LIPPE KRITIKEN LIPPE   FIRMENKRITIKEN OSTWESTFALEN TESTBERICHTE OWL FIRMENTESTS OWL FIRMENBEWERTUNEN OWL FIRMENPORTAL OWL FIRMEN IN OWL UNTERNEHMEN IN OWL FIRMEN OWL UNTERNEHMEN OWL RANGLISTE OWL FIRMENRANGLISTE OWL FIRMENCHECK OWL FIRMENCHECKS OWL FIRMENBEWERTUNGEN OWL FIRMEN BEWERTEN IN OWL UNTERNEHMENSBEWERTUNGEN OWL BEWERTUNGSPORTAL OWL FIRMENTESTBERICHTE OWL BEWERTUNGEN OWL FIRMENKRITIKER OWL FIRMENKRITIKEN OWL TESTURTEILE OWL TESTBERICHTE OWL ERFAHRUNGSBERICHTE OWL FIRMEN ERFAHRUNGEN SCHWARZE LISTEN OWL BLACKLISTS OWL SCHWARZE SCHAFE IN OWL RESTAURANTKRITIKEN OWL RESTAURANTESTS OWL RESTAURANTCHECKS OWL GASTROCHECKS OWL GASTROKRITIKEN OWL GASTROKRITIKER OWL HOTELBEWERTUNGEN OWL HOTELCHECK OWL HOTELERFAHRUNGEN OWL URLAUBSERFAHRUNGEN IN OWL REZENSIONEN OWL BESCHWERDEN OWL KRITIKEN OWL TESTBERICHTE OSTWESTFALEN FIRMENTESTS OSTWESTFALEN FIRMENBEWERTUNEN OSTWESTFALEN FIRMENPORTAL OSTWESTFALEN FIRMEN IN OSTWESTFALEN UNTERNEHMEN IN OWL FIRMEN OSTWESTFALEN UNTERNEHMEN OSTWESTFALEN RANGLISTE OSTWESTFALEN FIRMENRANGLISTE OSTWESTFALEN FIRMENCHECK OSTWESTFALEN FIRMENCHECKS OSTWESTFALEN FIRMENBEWERTUNGEN OSTWESTFALEN FIRMEN BEWERTEN IN OSTWESTFALEN UNTERNEHMENSBEWERTUNGEN OSTWESTFALEN BEWERTUNGSPORTAL OSTWESTFALEN FIRMENTESTBERICHTE OSTWESTFALEN BEWERTUNGEN OSTWESTFALEN FIRMENKRITIKER OSTWESTFALEN FIRMENKRITIKEN OSTWESTFALEN TESTURTEILE OSTWESTFALEN TESTBERICHTE OSTWESTFALEN ERFAHRUNGSBERICHTE OSTWESTFALEN FIRMEN ERFAHRUNGEN SCHWARZE LISTEN OSTWESTFALEN BLACKLISTS OSTWESTFALEN SCHWARZE SCHAFE IN OSTWESTFALEN RESTAURANTKRITIKEN OSTWESTFALEN RESTAURANTESTS OSTWESTFALEN RESTAURANTCHECKS OSTWESTFALEN GASTROCHECKS OSTWESTFALEN GASTROKRITIKEN OSTWESTFALEN GASTROKRITIKER OSTWESTFALEN HOTELBEWERTUNGEN OSTWESTFALEN HOTELCHECK OSTWESTFALEN HOTELERFAHRUNGEN OSTWESTFALEN URLAUBSERFAHRUNGEN IN OSTWESTFALEN REZENSIONEN OSTWESTFALEN BESCHWERDEN OSTWESTFALEN KRITIKEN OSTWESTFALEN TESTBERICHTE LIPPE FIRMENTESTS LIPPE FIRMENBEWERTUNEN LIPPE FIRMENPORTAL LIPPE FIRMEN IN LIPPE UNTERNEHMEN IN LIPPE FIRMEN LIPPE UNTERNEHMEN LIPPE RANGLISTE LIPPE FIRMENRANGLISTE LIPPE FIRMENCHECK LIPPE FIRMENCHECKS LIPPE FIRMENBEWERTUNGEN LIPPE FIRMEN BEWERTEN IN LIPPE UNTERNEHMENSBEWERTUNGEN LIPPE BEWERTUNGSPORTAL LIPPE FIRMENTESTBERICHTE LIPPE BEWERTUNGEN LIPPE FIRMENKRITIKER LIPPE FIRMENKRITIKEN LIPPE TESTURTEILE LIPPE TESTBERICHTE LIPPE ERFAHRUNGSBERICHTE LIPPE FIRMEN ERFAHRUNGEN SCHWARZE LISTEN LIPPE BLACKLISTS LIPPE SCHWARZE SCHAFE IN LIPPE RESTAURANTKRITIKEN LIPPE RESTAURANTESTS LIPPE RESTAURANTCHECKS LIPPE GASTROCHECKS LIPPE GASTROKRITIKEN LIPPE GASTROKRITIKER LIPPE HOTELBEWERTUNGEN LIPPE HOTELCHECK LIPPE HOTELERFAHRUNGEN LIPPE URLAUBSERFAHRUNGEN IN LIPPE REZENSIONEN LIPPE BESCHWERDEN LIPPE KRITIKEN LIPPE   FIRMENKRITIKEN OWL Firmenbewertungen OWL TESTBERICHTE OWL FIRMENTESTS OWL FIRMENBEWERTUNEN OWL FIRMENPORTAL OWL FIRMEN IN OWL UNTERNEHMEN IN OWL FIRMEN OWL UNTERNEHMEN OWL RANGLISTE OWL FIRMENRANGLISTE OWL FIRMENCHECK OWL FIRMENCHECKS OWL FIRMENBEWERTUNGEN OWL FIRMEN BEWERTEN IN OWL UNTERNEHMENSBEWERTUNGEN OWL BEWERTUNGSPORTAL OWL FIRMENTESTBERICHTE OWL BEWERTUNGEN OWL FIRMENKRITIKER OWL FIRMENKRITIKEN OWL TESTURTEILE OWL TESTBERICHTE OWL ERFAHRUNGSBERICHTE OWL FIRMEN ERFAHRUNGEN SCHWARZE LISTEN OWL BLACKLISTS OWL SCHWARZE SCHAFE IN OWL RESTAURANTKRITIKEN OWL RESTAURANTESTS OWL RESTAURANTCHECKS OWL GASTROCHECKS OWL GASTROKRITIKEN OWL GASTROKRITIKER OWL HOTELBEWERTUNGEN OWL HOTELCHECK OWL HOTELERFAHRUNGEN OWL URLAUBSERFAHRUNGEN IN OWL REZENSIONEN OWL BESCHWERDEN OWL KRITIKEN OWL TESTBERICHTE OSTWESTFALEN FIRMENTESTS OSTWESTFALEN FIRMENBEWERTUNEN OSTWESTFALEN FIRMENPORTAL OSTWESTFALEN FIRMEN IN OSTWESTFALEN UNTERNEHMEN IN OWL FIRMEN OSTWESTFALEN UNTERNEHMEN OSTWESTFALEN RANGLISTE OSTWESTFALEN FIRMENRANGLISTE OSTWESTFALEN FIRMENCHECK OSTWESTFALEN FIRMENCHECKS OSTWESTFALEN FIRMENBEWERTUNGEN OSTWESTFALEN FIRMEN BEWERTEN IN OSTWESTFALEN UNTERNEHMENSBEWERTUNGEN OSTWESTFALEN BEWERTUNGSPORTAL OSTWESTFALEN FIRMENTESTBERICHTE OSTWESTFALEN BEWERTUNGEN OSTWESTFALEN FIRMENKRITIKER OSTWESTFALEN FIRMENKRITIKEN OSTWESTFALEN TESTURTEILE OSTWESTFALEN TESTBERICHTE OSTWESTFALEN ERFAHRUNGSBERICHTE OSTWESTFALEN FIRMEN ERFAHRUNGEN SCHWARZE LISTEN OSTWESTFALEN BLACKLISTS OSTWESTFALEN SCHWARZE SCHAFE IN OSTWESTFALEN RESTAURANTKRITIKEN OSTWESTFALEN RESTAURANTESTS OSTWESTFALEN RESTAURANTCHECKS OSTWESTFALEN GASTROCHECKS OSTWESTFALEN GASTROKRITIKEN OSTWESTFALEN GASTROKRITIKER OSTWESTFALEN HOTELBEWERTUNGEN OSTWESTFALEN HOTELCHECK OSTWESTFALEN HOTELERFAHRUNGEN OSTWESTFALEN URLAUBSERFAHRUNGEN IN OSTWESTFALEN REZENSIONEN OSTWESTFALEN BESCHWERDEN OSTWESTFALEN KRITIKEN OSTWESTFALEN TESTBERICHTE LIPPE FIRMENTESTS LIPPE FIRMENBEWERTUNEN LIPPE FIRMENPORTAL LIPPE FIRMEN IN LIPPE UNTERNEHMEN IN LIPPE FIRMEN LIPPE UNTERNEHMEN LIPPE RANGLISTE LIPPE FIRMENRANGLISTE LIPPE FIRMENCHECK LIPPE FIRMENCHECKS LIPPE FIRMENBEWERTUNGEN LIPPE FIRMEN BEWERTEN IN LIPPE UNTERNEHMENSBEWERTUNGEN LIPPE BEWERTUNGSPORTAL LIPPE FIRMENTESTBERICHTE LIPPE BEWERTUNGEN LIPPE FIRMENKRITIKER LIPPE FIRMENKRITIKEN LIPPE TESTURTEILE LIPPE TESTBERICHTE LIPPE ERFAHRUNGSBERICHTE LIPPE FIRMEN ERFAHRUNGEN SCHWARZE LISTEN LIPPE BLACKLISTS LIPPE SCHWARZE SCHAFE IN LIPPE RESTAURANTKRITIKEN LIPPE RESTAURANTESTS LIPPE RESTAURANTCHECKS LIPPE GASTROCHECKS LIPPE GASTROKRITIKEN LIPPE GASTROKRITIKER LIPPE HOTELBEWERTUNGEN LIPPE HOTELCHECK LIPPE HOTELERFAHRUNGEN LIPPE URLAUBSERFAHRUNGEN IN LIPPE REZENSIONEN LIPPE BESCHWERDEN LIPPE KRITIKEN LIPPE   . | FIRMENBEWERTUNGEN OWL | VERPACKUNGEN OWL | HEIZÖL OWL | EINBLASDÄMMUNG OWL | CRYSTAL ESSENCE | BOTOX OWL | HYALURON OWL | ABNEHMEN OWL | TANZMUSIK OWL | AUTOHÄUSER IN OWL | Büromöbel OWL | IMMOBILIEN OWL | KÜCHENSTUDIOS IN OWL | MÖBELHÄUSER IN OWL | MODEMÄRKTE OWL | POLSTERMÖBEL OWL | SPEDITIONEN IN OWL ","title":"\n\t\t\tFIRMEN BEWERTUNGSPORTAL OWL - FIRMENBEWERTUNGEN OWL FIRMENCHECK IN OWL BRANCHENBUCH OWL FIRMENKRITIKEN OWL OSTWESTFALEN FIRMENKRITIKER LIPPE PORTAL OWL » AUTOHÄUSER IN OWL NEUWAGEN JAHRESWAGEN GEBRAUCHTWAGEN AUTOHÄNDLER IN OWL AUTOMÄRKTE OWL AUTOHÄUSER IN LIPPE bielefeld aUTOFINANZIERUNGEN\t","desc":"AUTOH&Auml;USER IN OWL NEUWAGEN JAHRESWAGEN GEBRAUCHTWAGEN AUTOH&Auml;NDLER IN OWL AUTOM&Auml;RKTE OWL AUTOH&Auml;USER IN LIPPE bielefeld aUTOFINANZIERUNGEN","details":{"length":8949,"language":"de","date":"2014/10/31 16:18:34","type":"application/xhtml+xml","country":""},"crawling":{"duration":"1","date":"2014/10/31 16:18:34"},"metas":[{"name":"keywords","value":"AUTOHÄUSER IN OWL NEUWAGEN JAHRESWAGEN GEBRAUCHTWAGEN AUTOHÄNDLER IN OWL AUTOMÄRKTE OWL AUTOHÄUSER IN LIPPE bielefeld aUTOFINANZIERUNGEN"},{"name":"description","value":"AUTOH&Auml;USER IN OWL NEUWAGEN JAHRESWAGEN GEBRAUCHTWAGEN AUTOH&Auml;NDLER IN OWL AUTOM&Auml;RKTE OWL AUTOH&Auml;USER IN LIPPE bielefeld aUTOFINANZIERUNGEN"}],"uri":{"protocol":"http","domain":"de.firmenkritiker-owl.","url":"http://firmenkritiker-owl.de/index.php?page=/seiten/autohaeuser-in-owl-neuwagen-jahresw_15&sid=c2da053afeced7349329b850a644b2fe36602f5e"}}},{"_index":"de_content_201410","_type":"resourceQ","_id":"http://xtream-race.de/index.php?page=user&s=d7ad02d5de67fa5f68d780dfcad6f3eb1bfab05f&userid=164","_score":1.0, "_source" : {"body":" Du bist nicht angemeldet. Anmelden Registrieren Sprache ändern Deutsch (Anrede »Du«) Englisch Niederländisch Ungelesene Beiträge Unbeantwortete Themen Themen der letzten 24 Stunden Erweiterte Suche Xtream Race Portal Forum Mitglieder Xtream Reallife Xtream Minecraft Xtream Race » Mitglieder » Profil von »LoL123« MTA-IP: 109.230.212.68:22003 Teamspeak 3 IP: ts.xtream-race.de:9988 Lieber Besucher, herzlich willkommen bei: Xtream Race. Falls dies dein erster Besuch auf dieser Seite ist, lies bitte die Hilfe durch. Dort wird dir die Bedienung dieser Seite näher erläutert. Darüber hinaus solltest du dich registrieren, um alle Funktionen dieser Seite nutzen zu können. Benutze das Registrierungsformular, um dich zu registrieren oder informiere dich ausführlich über den Registrierungsvorgang. Falls du dich bereits zu einem früheren Zeitpunkt registriert hast, kannst du dich hier anmelden. LoL123 Anfänger Registriere Dich jetzt! Du musst dich registrieren, um eine Verbindung mit diesem Benutzer herzustellen. Profil Freunde Über mich Der Benutzer hat keine Beschreibung über sich angegeben. Zum Seitenanfang Beiträge (1) Bewerbung zum Trial Member 05.08.2013, 21:54 Zum Seitenanfang Alle Beiträge anzeigen Alle Themen anzeigen Freunde (1) #PaiiN* Zum Seitenanfang Alle Freunde anzeigen Kontakt vCard LoL123 Allgemeine Informationen Registrierungsdatum 27.07.2013, 13:34 Letzte Aktivität 20.04.2014, 18:05 Profil-Aufrufe 1 232 (3,65 Aufrufe pro Tag) Beiträge 1 (0 Beiträge pro Tag) Benutzerlevel Level: 7 Erfahrungspunkte: 338 Nächstes Level: 443 Level-Fortschritt Hilfe Impressum Nutzungsbestimmungen Stil ändern Air - Dark WoltLab Basic WoltLab Blue Sunrise 30.06.2014, 06:45 Zum Seitenanfang Forensoftware: Burning Board® 3.1.7, entwickelt von WoltLab® GmbH Dauerhaft angemeldet bleiben? ","title":"Profil von »LoL123« - Mitglieder - Xtream Race","desc":null,"details":{"length":1797,"language":"de","date":"2014/10/31 16:18:33","type":"application/xhtml+xml","country":""},"crawling":{"duration":"1","date":"2014/10/31 16:18:33"},"metas":[{"name":"description","value":""},{"name":"keywords","value":""}],"uri":{"protocol":"http","domain":"de.xtream-race.","url":"http://xtream-race.de/index.php?page=user&s=d7ad02d5de67fa5f68d780dfcad6f3eb1bfab05f&userid=164"}}},{"_index":"de_content_201410","_type":"resourceQ","_id":"http://schleswig-city.de/index.php?nav=view_categories&sid=533e87dca814f3f2e43fc0f29c3841df&site=board/index","_score":1.0, "_source" : {"body":" Strom Tarif Vergleich Gas Tarif Vergleich Versicherungsportal/Vergleiche Werbung Impressum   Home Branchen Geschäftswerbung Marktplatz Galerien Links News FAQ / Hilfe Suche Anzeigenmärkte - Kleinanzeigen - Kontaktanzeigen - Stellenanzeigen - Immobilienmarkt - Automobilmarkt Aus der Region - Regionale Infos - Berichte / Reports - Polizei Report - Newsarchiv - Welt Aktuell - Veranstaltungen Verzeichnisse - Ärztesuche A-Z - Freizeit A-Z - Gastronomie A-Z - Vereine A-Z - Wirtschaft A-Z - Zimmernachweis Interaktiv - Adressbuch - Bildergalerie - Online Coupons - Downloads - Links / Surfguide - Forum / Board - Gästebuch Service & Info - Kinozeit - Portalsuche - Ihre Werbung - FAQ / Hilfe - Kontakt - Partnerportale - unsere Partner Partner Seiten Promotion Job Promotion Job schnell im Umkreis finden ! Promotion Job Angebote Stromtarife vergleichen Sie möchten Stromtarife vergleichen? Hier geht`s Online-Vergleich Baufinanzierung Einfach | Günstig | Finanzieren Baufinanzierungsvergleich Statistik Besucher gesamt: 18355 Letzte Woche: 559 Diese Woche: 651 Besucher Heute: 55 Gerade Online: 1 Werben Sie auf www.schleswig-city.de ! Ihre IP: 37.16.72.209   Ihr Browser kann leider keine eingebetteten Frames anzeigen Gratis Newsletter Hier nichts eintragen!   Portal Forum | Log In | | Registrieren | | Administration | | Suche | Portal Forum Kategorie Themen Beiträge Letzter Beitrag MainCategory   wir sind Schleswig wir sind Schleswig eine Diskussionsrunde 0 0     Vorstellungen - Grussecke Stell' Dich vor, zeig' wer Du bist. Leicht und schwungvoll ins Cosima Cafe finden. Begrüssen, Willkommen heissen, Guten Tag sagen, die Stimmung versüssen... 0 0     Politik - Wirtschaft - Soziales Forum Wir reden über die Themen die uns bewegen, die wir verbessern wollen, oder was uns in der Welt sonst noch wichtig und interessant erscheint. Wir verbessern unsere Welt! 0 0     Hilfe Forum Tipps in bestimmten Lebensbereichen und konkrete Hilfe bei tiefgehenden Problemen. Finde hier Menschen, die selbst in deiner Lage waren oder sind, sowie den Retter in der Not! 0 0     Familie - Kinder - Tier Forum Willkommen in der Kernzelle einer jeden Gesellschaft auf der Welt. Egal, ob Du Familie, Kinder und Tiere hast, oder nicht, jeder hat dazu eine Meinung und kann mitreden. 0 0     Bilder - Video Forum Zeige Bilder, Fotos, Grafiken, Videos der ganzen Welt. Hier kannst Du zu allen Themen des Lebens hochladen, was Dir gefällt, was Dich beeindruckt, oder eben nicht. Achtung: Jedes Mitglied hat auch eine eigene Galerie! 0 0     Arbeitsmarkt Forum Das Forum rund um den Arbeitsmarkt! Hier findest Du Arbeit, oder hast eine zu vergeben! Es spielt keine Rolle ob es um Vollzeitarbeit, einen befristeten, oder einmaligen Job geht, ob bezahlte Arbeit, oder unbezahlte Hilfe! 0 0     Fun - Veranstaltungsforum Das Forum bietet Euch die Möglichkeit, kurzfristige Veranstaltungen, Flohmärkte und öffentliche Feiern zu posten und Leute einzuladen! 0 0   Portal Forum Unsere Benutzer haben 0 Einträge verfasst in 8 Kategorien und 0 Themen. Wir haben 1 Benutzer. [ easyins bulletin board v1.0.1.1 2013 by Schleswig-City.de ]   Werbung  Ihr Browser kann leider keine eingebetteten Frames anzeigen Ihr Browser kann leider keine eingebetteten Frames anzeigen Startseite wählen Favoriten hinzufügen Kontakt Banner Seite empfehlen Impressum AGB Datenschutzerklärung Red. Letzte Aktualisierung: Sonntag, 06. Juli 2014 ","title":"www.schleswig-city.de - Stadtportal - 24837 Schleswig - Regionalportal - Branchenverzeichnis - Zimmerverzeichnis - Anzeigemärkte ","desc":"Auf unserem Stadtportal finden ein kostenloses Ärzte- und Branchenverzeichnis, Zimmernachweis, Autoanzeigen, Immobilienanzeigen, Kleinanzeigen, Veranstaltungskalender und vieles mehr!","details":{"length":3401,"language":"de","date":"2014/10/31 16:18:34","type":"text/html","country":""},"crawling":{"duration":"1","date":"2014/10/31 16:18:34"},"metas":[{"name":"verification","value":"32508095875950b9dcf25fb83bcda733"},{"name":"author","value":"Mike Dalbek"},{"name":"publisher","value":"Mike Dalbek"},{"name":"copyright","value":"www.schleswig-city.de"},{"name":"revisit","value":"after 3 days"},{"name":"keywords","value":"24837 Schleswig,Stadtportal,Regionalportal,Ärzteverzeichnis,Branchenverzeichnis,Zimmernachweis,Gastgeberverzeichnis,Autoanzeigen,Immobilienanzeigen,Kleinanzeigen,Flohmarkt,VeranstaltungskalenderNewsletter,Forum,Gästebuch,Ärzte,Handwerk,Dienstleitungen,Hotel,Hotels,Pension,Pensionen,Gästezimmer,Bauernhof,Appartements,Urlaub,Ferien,Gewerbe,kostenlos,Software,downloads,Portal,Suchmaschinen Eintragsservice,besser gefunden werden,Webmarketing,Internetmarketing,Bannerwerbung,promotion,Werbung,Internetseite,Internetseiten,Webseiten,Eintragsdienst,Eintragsservice,submit,automatisch,internet"},{"name":"description","value":"Auf unserem Stadtportal finden ein kostenloses Ärzte- und Branchenverzeichnis, Zimmernachweis, Autoanzeigen, Immobilienanzeigen, Kleinanzeigen, Veranstaltungskalender und vieles mehr!"},{"name":"page-topic","value":"internet"},{"name":"audience","value":"alle"},{"name":"robots","value":"index,follow"},{"name":"language","value":"deutsch"},{"name":"generator","value":"www.easyIns.de"}],"uri":{"protocol":"http","domain":"de.schleswig-city.","url":"http://schleswig-city.de/index.php?nav=view_categories&sid=533e87dca814f3f2e43fc0f29c3841df&site=board/index"}}},{"_index":"de_content_201410","_type":"resourceQ","_id":"https://georgius.sankt-georgen.de/imma/imma16hinweise.php?i=1403297950","_score":1.0, "_source" : {"body":" Zur Navigation . Zum Seiteninhalt . Philosophisch-Theologische Hochschule Sankt Georgen English | Español | Français Unsere Website durchsuchen nach: Hochschule Priesterseminar Jesuitenkommunität Bibliothek Campus Mediathek Kontakt Über die Hochschule Zielsetzung General Information (in English) Satzungen und Ordnungen Leitung, Organe, Gremien Unterhaltsträger Seminare Geschichte Klaus Schatz SJ: 75 Jahre Sankt Georgen Mitgliedschaften und Partnerschaften Statistik Aktion »Mehr Brücken zu Gott« Personenverzeichnis Lehrende nach Fächern Gesamtliste der Lehrenden Institute Hugo von Sankt Viktor-Institut Institut für Dogmen- und Liturgiegeschichte Institut für Pastoralpsychologie und Spiritualität Institut für Weltkirche und Mission Oswald von Nell-Breuning-Institut Veröffentlichungen Reihen Frankfurter Theologische Studien Magazin \"GEORG\" bzw. Mitteilungen der Hochschule Frankfurter Arbeitspapiere zur gesellschaftsethischen und sozialwissenschaftlichen Forschung Sankt Georgener Hochschulschriften Studien zur christlichen Gesellschaftsethik Pastoralpsychologie und Spiritualität Neue Bücher aus Sankt Georgen 2014 2013-2010 2009-2006 Virtueller Leseraum Zeitschrift »Theologie und Philosophie« Transformationen - pastoralpsychologische Werkstattberichte Dissertationen Lizentiatsarbeiten Studium Studiengänge / Akademische Grade Studien-/ Prüfungsordnungen Lehrangebotsplan (Theologie) 2013 bis 2018 (PDF) Lehrangebotsplan (Philosophie) 2010 bis 2017 (PDF) Aufbaustudium \"Pastoralpsychologie und Spiritualität\" Weitere Studienprogramme Evangelisierende Seelsorge Islam und christl.-muslim. Begegnung Studienprogramm \"Medien und öffentliche Kommunikation\" Über uns Medienberufe Social Media Management Termine Kontakt - Referenten Downloads, Material und Co Intensivkurse Latein und Griechisch Intensivkurse: Infos und Anmeldung Überblick: Griechischkurse in Sankt Georgen Pastoralpsychologischer Intensivkurs \"Geistlich Wachsen\" Gasthörer/innen Antrag auf Zulassung als Gast- bzw. Zweithörer/in Termine Rückmeldung Gebührenordnung Fördermöglichkeiten für Studierende Studienberatung IT Dienstleistungen Vorlesungsverzeichnis aktuelles Vorl.verz. (PDF) kommentiertes Vorl.verz. Stunden- und Raumplan (PDF) Studienmaterialien Seiten zu einzelnen Lehrveranstaltungen Moodle Studieninteressierte Häufige Fragen Immatrikulations-bedingungen usw. Immatrikulations-antrag für ordentliche Studierende weitere erforderliche Unterlagen Informationen für internationale Studierende Antrag auf Zulassung Gaststudierende Antrag auf Zulassung als Gast- bzw. Zweithörer/in Philosophie in Sankt Georgen Gebührenordnung Graduiertenkolleg AStA Aktuell Mitglieder im AStA Wohnraummöglichkeiten Kontakt Ordnungen der Studierendenschaft Internationaler Studentanausweis (ISIC) Geistliche Ausbildung Ehemalige Ehemaligentreffen Möglichkeiten, in Verbindung zu bleiben Adressen Stiftung Stiftung Ziel und Aufgabe Pietati et Scientiae So unterstützen Sie die Stiftung Kontakt Stiftungsprofessur Ausgangssituation Standort Profil der Stiftungsprofessur Planung Auskunft, Kritik, Anregung Freundeskreis Termine Förderpreisverleihung Stellenangebote Sitemap Newsletter Intranet Sankt Georgener E-Mail-Konto Links zu anderen Webseiten Startseite Hochschule Studieninteressierte Immatrikulationsantrag     Immatrikulation an der Phil.-Theol. Hochschule Sankt Georgen  1. Einleitung 2. Registrierung / Einloggen 3. Angaben zur Person 4. Anschriften 5. Hochschulzugangs- berechtigung 6. Abschluss 7. Studienverlauf 8. Früheres Studium 9. Auslandsstudium 10. voriges Semester 11. Abgelegte Prüfungen 12. Parallelstudium 13. Beruf und Praxis 14. AStA-Mailversand 15. Foto / Heiligenkalender 16. Hinweise 17. Drucken 18. letzte Hinweise 19. Ausloggen   Sie sind nicht eingeloggt. Um sich einzuloggen, gehen Sie bitte zu Schritt 2.   Hinweise Wenn Sie nun unten auf \"Weiter\" klicken, werden Ihre Angaben in zusammengefasster Form aufgelistet. Bitte überprüfen Sie noch einmal Ihre Angaben. Falls nötig, nehmen Sie bitte die erforderlichen Korrekturen vor, indem Sie zu den betreffenden Seiten des Formulars zurückkehren, dort die Korrekturen vornehmen und danach hierher zurückkehren.   Sie brauchen dazu nicht jeweils alle einzelnen Seiten durchzuklicken, sondern können in der Navigationsleiste links direkt zur gewünschten Seite springen.   Wenn die Angaben korrekt sind, drucken Sie die Auflistung Ihrer Angaben bitte aus und bringen diesen Ausdruck unterschrieben zur Immatrikulation ins Studentensekretariat mit.   Falls Ihnen das Ausdrucken nicht möglich ist (z. B. weil Sie das Formular an einem öffentlichen Computer ohne Druckmöglichkeit ausgefüllt haben), können Sie auch ohne Ausdruck zur Immatrikulation ins Studentensekretariat kommen. Der Antrag wird dann dort mit den gespeicherten Daten ausgedruckt.   Klicken Sie schließlich auf der Seite mit der Auflistung Ihrer Daten auf \"Weiter\". Dadurch erhalten Sie einige abschließende Hinweise und können sich dann ausloggen.       © PTH Sankt Georgen 2014 - Letzte Aktualisierung dieser Seite: 28. August 2006 - Impressum ","title":"Immatrikulation an der PTH Sankt Georgen","desc":null,"details":{"length":5061,"language":"de","date":"2014/10/31 16:18:34","type":"application/xhtml+xml","country":""},"crawling":{"duration":"1","date":"2014/10/31 16:18:34"},"metas":[],"uri":{"protocol":"https","domain":"de.sankt-georgen.georgius.","url":"https://georgius.sankt-georgen.de/imma/imma16hinweise.php?i=1403297950"}}},{"_index":"de_content_201410","_type":"resourceQ","_id":"http://akg-images.de/archive/st.+george+fighting+the+dragon-2umdhuqh0d4g.html","_score":1.0, "_source" : {"body":" Close Über uns Kollektionen Fotografen Dossiers Print On Demand Impressum Allgemeine Geschäftsbedingungen Kontakt Login Registrieren + Suchergebnis: Ihre Suchergebnisse sind begrenzt. Bitte loggen Sie sich ein oder registrieren Sie sich um Zugriff auf den kompletten Bildbestand zu erhalten. Drachenkampf des heiligen Georg Altdorfer, Albrecht um 1480 – 1520. “Drachenkampf des heiligen Georg”, 1510. Auf Pergament auf Lindenholz, 28,2 × 22,5 cm. Zum Warenkorb hinzufügen Zur Lightbox hinzufügen Alle zur Lightbox Hinzufügen Alle aus Lightbox Entfernen von 1 Öffne Lightbox Nur Bild anzeigen Drachenkampf des heiligen Georg Altdorfer, Albrecht um 1480 – 1520. “Drachenkampf des heiligen Georg”, 1510. Auf Pergament auf Lindenholz, 28,2 × 22,5 cm. Bildnummer AKG238867 Künstler ALBRECHT ALTDORFER Fotograf akg-images Bildnachweis akg-images Ereignisdatum 1510 Bilddatum 1510 Themen 16. JAHRHUNDERT DEUTSCHE KUNST DONAUSCHULE DRACHE (FABELWESEN) HEILIGE HEILIGENLEGENDE KAMPF ZWISCHEN MENSCH UND TIER LANDSCHAFT LAUBWALD RENAISSANCE WALD Suche mit und Suche mit oder Person GEORG Technik GEMÄLDE MALEREI Größe 3937px × 4961px (~9 MB / ~55 MB unc.) 33.3 cm × 42.0 cm (300dpi) Sondergrößen 5825px × 7340px (~42 MB / ~122 MB unc.) TIFF 49.3 cm × 62.1 cm (300dpi) Zoomansicht Zur Lightbox 'My First Lightbox' hinzufügen Zum Warenkorb hinzufügen ","title":"akg-images - Drachenkampf des heiligen Georg","desc":"Drachenkampf des heiligen Georg - AKG238867 A.Altdorfer, Drachenkampf des hl. Georg Altdorfer, Albrecht um 1480 – 1520.  “Drachenkampf des heiligen Georg”,  1510. Auf Pergament auf Lindenholz, 28,2 × 22,5 cm.","details":{"length":1340,"language":"de","date":"2014/10/31 16:18:34","type":"text/html","country":""},"crawling":{"duration":"1","date":"2014/10/31 16:18:34"},"metas":[{"name":"description","value":"Drachenkampf des heiligen Georg - AKG238867 A.Altdorfer, Drachenkampf des hl. Georg Altdorfer, Albrecht um 1480 – 1520.  “Drachenkampf des heiligen Georg”,  1510. Auf Pergament auf Lindenholz, 28,2 × 22,5 cm."}],"uri":{"protocol":"http","domain":"de.akg-images.","url":"http://akg-images.de/archive/st.+george+fighting+the+dragon-2umdhuqh0d4g.html"}}},{"_index":"de_content_201410","_type":"resourceQ","_id":"http://hogsmeade-rpgserver.de/list.php?c=1-175315&page=1","_score":1.0, "_source" : {"body":" MoTD Hilfe anfordern Forum Login Seite Gerade Online  Seiten Seite 1 (1-50) S eite 2 (51-100) Se ite 3 (101-150) Sei te 4 (151-200) Seite 5 (201-250) Seite 6 (251-300) Seite 7 (301-350) Seite 8 (351-393) Bewohnerliste RPG-Informationen : Ist bereit für ein RP. Einfach anschreiben! : Hat gerade keine Lust auf ein RP, oder ist bereits in einem. Bewohner in dieser Welt (Seite 1: 1-50 von 393) Name Blutstatus / RP-Bereit? Ort Gesuch Status Zuletzt da P r o f . M i n e r v a M c G o n a g a l l S c h u l l eiterin Halbblüter Hogwarts Eingangshalle Hogwarts will always be there to welcome you home <3 22 Tage P r o f . N ick C a r t e r F l u g u nterri c h t, S e r v e rleit u n g Muggelstämmig Hogwarts Eingangshalle X XIV. X II. M MXIII <3 || Neues Gesuuuch! Gestern P r o f . H a r o l d S o u t h e y S e r verlei t u n g , Z a u bertr ä n k e Vampir Bewohnerliste Gestern P r o f . D a n z a nte S i l v e r Halbblüter Bewohnerliste everybody wants to go to heaven, but nobody wants to die. 2 Tage T i m e a M a e v e Reinblüter Gleis 9 ¾ News Gestern V i k t o r ia M o r r a y Halbblüter Bewohnerliste ... 3 Tage A c e v a n K j e l l Reinblüter Bewohnerliste A c e v a n K j e l l 8 Tage Adam Burrows Reinblüter Gleis 9 ¾ 8 Tage A d a m Y a r d l e y Reinblüter Hogwarts Eingangshalle 14 Tage A e n e a s B a i l e y S e l w y n Reinblüter Willkommen! Gestern A i d a n D a v i s Halbblüter Bewohnerliste 1 Tag A i d a n Qu i n l an Halbdrache Willkommen! Wenn ich sie gefressen hab nicht mehr XD 3 Tage A i m e e D e v e reaux Halbblüter Gleis 9 ¾ News Gestern A î o d hán R h ÿ s Fee Hogwarts Eingangshalle 5 Tage A l a r i c L ig h t m a n Muggelstämmig Bewohnerliste Gestern A l a s k a V l a m in g Reinblüter Willkommen! 4 Tage A l b u s S e v e rus P o t t er Reinblüter Hogwarts Eingangshalle lalala 12 Tage A l e c D y s o n Reinblüter Hogwarts Eingangshalle 2 Tage Alexander Anderson Reinblüter Willkommen! ... Gestern A l e x a n d e r F o r b e s Werwolf Hogwarts Eingangshalle Gestern A l e x a n dra G r e e n g rass Reinblüter Gleis 9 ¾ News 3 Tage A l e x ia La r r i ce Reinblüter Gleis 9 ¾ News 3 Tage A l e x i o n S a v i t a r Reinblüter Hogwarts Eingangshalle 60 Tage Alice Flynt Reinblüter Bewohnerliste Gestern A l i c i a W i l d e Reinblüter Bewohnerliste Und was ist so dein Lieblingsdinosaurier? Beantworte die Frage und nimm an der Keks-Tombola teil! 122 Tage P r o f. A l l egrne R a v eron Reinblüter Hogsmeade 2 Tage A m a p ola Willow Garcia Fee Willkommen! Gestern A m b e r J o h n s o n Reinblüter Bewohnerliste *verflucht grade css und html* -.- 1 Tag A m b r o s i us M a l a c h a i Reinblüter Hogsmeade 43 Tage Amelia Camell Muggelstämmig Hogwarts Eingangshalle 8 Tage A m i t e e D e v o e Reinblüter Bewohnerliste 21 Tage Anabell Ounce Reinblüter Bewohnerliste 27 Tage A n a s t a s i j a V a l e r i a S z e w c z y k Halbblüter Hogsmeade XXX.XII.XII & always. 5 Tage A n t h o n y B r i a n M c C a n n o n Muggelstämmig Hogsmeade XXX.XII.XII & always. 5 Tage A p o l l y mi T h o r n t en Halbblüter Hogwarts Eingangshalle 2 Tage A p r i l Ca m p b e l l Reinblüter Gleis 9 ¾ 4 Tage A q u i l a e D i a d e m L e s t r a nge Reinblüter Bewohnerliste <-- Sucht Zwecksgemeinschaft 20 Tage Archer Morales Halbblüter Gleis 9 ¾ 3 Tage A r v i d J o s h u a P a i n Reinblüter Bewohnerliste Parlè 29 Tage A r y a n a D e v a u x Gytrash Hogwarts Eingangshalle Gestern A s h t o n F o r n e y Muggel Hogwarts Eingangshalle 14 Tage A s p i d i s kë L e s t r a n ge Reinblüter Gleis 9 ¾ News <- lacht sich nen Ast! 7 Tage A u r é l i e F a u c h e u x Halbveela Willkommen! 7 Tage Autumn Season Halbblüter Gleis 9 ¾ Gestern A z m i d iskë L e s t r ange Reinblüter Hogwarts Eingangshalle 65 Tage Bacco Dorartis Muggelstämmig Gleis 9 ¾ 61 Tage B a m b i O ' M o o n e y Halbveela Hogwarts Eingangshalle 14 Tage Barnabas Bean Muggelstämmig Bewohnerliste 4 amazing magicians. 3 impossible heists. 1 billion dollars. This is no illusion. 2 Tage A l i c e M . B a t e s Reinblüter Einstellungen & Profil 3 Tage B e a t r i x L a c r o i x Muggelstämmig Gleis 9 ¾ News Il n´est pire eau que l´eau qui dort. 7 Tage Off-Topic Chat «« Erste Seite -  « Vorherige -  Aktualisieren [19:56] G r i n c h versucht wieder in Levs Mund zu kriechen [19:56] Le v i a t h an omnomnomnomt [19:58] [ S ] W i n t er S e a s on wünschte sich das Jedoch. [19:58] Wie unhöflich [20:01] G r i n c h kann nichts dafür wenn er ausgekotzt wird D: und das bringt doch viiiel Schwung in den Ot, oder nicht? [20:03] [ S ] W i n t er S e a s on erhebt sich und geht. Sie hält nichts von den Beiden. [20:04] G r i n c h ist traurig ._. [20:43] trolololololololol [20:44] dat kalte schulter :C much sadness many no such why [23:03] C h r i s t i a n G r i m m ist stolz auf seine wohlerzogene Schlange. Übrige Zeichen: «« Erste Seite -  « Vorherige -  Aktualisieren 0 Administratoren anwesend: 0 Techniker anwesend: 0 Moderatoren anwesend: 1 RPG-Chars anwesend: Ca i t l i n M c L a r en Copyright 2002-2003, Game: Eric StevensDesign: ailean skin by Ben Wong, based on a concept by Ailean Source Version: 0.9.7+jt ext (GER) Seitengenerierung: 0.16s, Schnitt: 0.16s ","title":"Bewohnerliste","desc":null,"details":{"length":5178,"language":"de","date":"2014/10/31 16:18:31","type":"text/html","country":""},"crawling":{"duration":"1","date":"2014/10/31 16:18:31"},"metas":[],"uri":{"protocol":"http","domain":"de.hogsmeade-rpgserver.","url":"http://hogsmeade-rpgserver.de/list.php?c=1-175315&page=1"}}},{"_index":"de_content_201410","_type":"resourceQ","_id":"http://calibra-club-rheinland.de/gallery2/main.php?g2_itemid=13870","_score":1.0, "_source" : {"body":" Anmelden Registrieren Calibra Club Rheinland Galerie Calibra-Teilefotos C20LET Pleuelschaden Foto0400.jpg Diashow ansehen Neuste Kommentare ansehen C20LET Pleuelschaden 1. Foto0390.jpg ... 8. Foto0397.jpg 9. Foto0398.jpg 10. Foto0399.jpg 11. Foto0400.jpg 12. Foto0401.jpg 13. Foto0402.jpg 14. Foto0403.jpg ... 19. Foto0408.jpg Zufallsbild Foto0347.jpg Datum: 16.06.2010 Betrachtet: 155 mal Mitglieder 17 Benutzer Foto0400.jpg Datum: 30.06.2010 Besitzer: Frank Bumm Größe: 640x480 3264x2448 Vollgröße: 3264x2448 nächste letzte erste vorherige Photo-Eigenschaften Übersicht   Details Hersteller SAMSUNG Modell M8800 Blendenwert f/2,6 Farbraum sRGB Blitz No Flash ISO 360 Verschlusszeit 1/25 sec nächste letzte erste vorherige ","title":"Foto0400.jpg","desc":null,"details":{"length":725,"language":"de","date":"2014/10/31 16:18:32","type":"application/xhtml+xml","country":""},"crawling":{"duration":"1","date":"2014/10/31 16:18:32"},"metas":[],"uri":{"protocol":"http","domain":"de.calibra-club-rheinland.","url":"http://calibra-club-rheinland.de/gallery2/main.php?g2_itemid=13870"}}},{"_index":"de_content_201410","_type":"resourceQ","_id":"http://flirt-hunter.de/partnersuche/rheinland-pfalz/landkreis_rhein-hunsrueck-kreis/reckershausen/widder.html","_score":1.0, "_source" : {"body":" Partnersuche Reckershausen bei rhein-hunsrueck-kreis Kontaktanzeigen : Widder User online Schnellsuche Geschlecht Alter bis PLZ   Community Wer ist online Onlinekarte Chat Forum Top 10 Listen Bildergalerie Geburtstage Dates / Events Live-Webcams Mitgliedersuche Datechecker Flirt und Fun Single Auktion Zufalls-Fotos Tips und Infos Clubliste Impressum Link-Tipps Partnersuche und Kontaktanzeigen Partnersuche bei de.wikipedia.org Suche von Partnersuche bei Google Kontaktanzeigen bei Wikipedia: de.wikipedia.org bei Google nach Kontaktanzeigen suchen Leute die nach Reckershausen Partnersuche gesucht haben, haben auch gesucht nach: online flirt private kontaktanzeige seriöse singlebörse kontakt community singles in bremen date gesucht beziehung finden suche flirt flirt kontaktanzeigen eine frau kennenlernen Kostenlos Registrieren Name: Email: AGB gelesen    Wir helfen Ihnen bei der Partnersuche. Melden Sie sich heute noch an. Finden Sie in reckershausen die eine Kontaktanzeige unter Tausenden. Singles aus Deiner Nähe kennenlernen. ssddrr, Kirchberg,Hunsrück oder Partnersuche in ... Berlin Hamburg München Köln Hannover Bremen Dortmund Leipzig Frankfurt Stuttgart Düsseldorf Essen Infos zu Reckershausen Offizielle Homepage: Reckershausen Reckershausen bei Wikipedia: de.wikipedia.org Suche von Reckershausen bei Google.de Möchten Sie weitere Informationen zum Thema Partnersuche Hier finden Sie einige Begrifflichkeiten erläutert. * Freundin * Kontaktanzeigen Kennenlernen Kontaktbörsen * Singles : Rendesvouz und Romantik Deutschland > rheinland-pfalz > rhein-hunsrueck-kreis > reckershausen Kontaktanzeige : chrisju , Kirchberg,Hunsrück (30 Jahre), Single Ort: Kirchberg,Hunsrück Bundesland: rheinland-pfalz (rhein-hunsrueck-kreis) Sternzeichen: Widder - Mann Beruf: Angestellter Kontaktanzeige Rubrik: Er sucht Sie Beschreibung: Groß Schlank Sportlich und für jeden Quatsch zu haben:-)... Date gesucht mit: Frauen Traumpartner: Normale,Nette,Gutaussehende Frau:-)... mit chrisju flirten Reckershausen Partnersuche : Kontaktanzeigen anpassen Bundesland/Kreis/Ort schliessen Kategorie Partner suchen in reckershausen Kontaktanzeigen aus reckershausen Singlebörse in reckershausen chatten auf flirt hunter reckershausen singles aus reckershausen Online Dating in reckershausen Flirt Anzeigen aus reckershausen schliessen Geschlecht (Frau, Mann) Frauen Männer alle schliessen Kontaktanzeigen Rubrik Sie sucht Ihn Er sucht Sie Sie sucht Sie Sie sucht Paar Er sucht Ihn Er sucht Paar Paar sucht Sie Paar sucht Ihn Paar sucht Paar Abenteuer Freizeit Partner Freundschaft Tanz Partner Seitensprung Blind Date Bekanntschaft alle schliessen Sternzeichen Stier Fische Widder Skorpion Schuetze Steinbock Wassermann Zwillinge Krebs Loewe Jungfrau Waage alle schliessen Alter Alter 18-30 30 bis 40 Jahre über 40 Jahre alle schliessen Impressum/Kontakt | AGB | Hilfe © 2008 Flirt-Hunter - Partnersuche reckershausen, Kontaktanzeigen reckershausen Alle Rechte vorbehalten ","title":"Partnersuche in Reckershausen  bei rhein-hunsrueck-kreis und  Kontaktanzeigen :  Widder","desc":"Partnersuche und Kontaktanzeigen  Reckershausen: Kontaktanzeige Widder.Die Partnersuche kann auf unterschiedliche Weise gestaltet werden, ob durch Anzeigen in der Zeitung, klassische Partnervermittlung oder Kontaktanzeigen in einer Partnerbörse.   chrisju,30,Angestellter|ssddrr,28,6|","details":{"length":2970,"language":"de","date":"2014/10/31 16:18:33","type":"application/xhtml+xml","country":""},"crawling":{"duration":"1","date":"2014/10/31 16:18:33"},"metas":[{"name":"description","value":"Partnersuche und Kontaktanzeigen  Reckershausen: Kontaktanzeige Widder.Die Partnersuche kann auf unterschiedliche Weise gestaltet werden, ob durch Anzeigen in der Zeitung, klassische Partnervermittlung oder Kontaktanzeigen in einer Partnerbörse.   chrisju,30,Angestellter|ssddrr,28,6|"},{"name":"keywords","value":"Partnersuche Reckershausen,Partnersuche,Reckershausen,Kontaktanzeigen, Kontaktanzeige,Widder"},{"name":"robots","value":"index, follow"}],"uri":{"protocol":"http","domain":"de.flirt-hunter.","url":"http://flirt-hunter.de/partnersuche/rheinland-pfalz/landkreis_rhein-hunsrueck-kreis/reckershausen/widder.html"}}},{"_index":"de_content_201410","_type":"resourceQ","_id":"http://kirmesgalerie.de/displayimage.php?album=797&pos=15","_score":1.0, "_source" : {"body":" Startseite :: Anmelden Impressum :: Albenliste :: Neueste Uploads :: Neueste Kommentare :: Am meisten angesehen :: Am besten bewertet :: Meine Favoriten :: Suche Galerie > Musik-Express, Berg- und Talbahnen, Raupenbahnen, Schlittenfahrten, Walzerbahnen > Melodie Star - Müller Datei 16/17 Diese Datei bewerten (noch keine Bewertung) Datei-Information Dateiname: DFV_Berlin_2008_41.jpg Name des Albums: Indiago / Melodie Star - Müller Dateigröße: 121 KB Hinzugefügt am: 02. August 2013 Abmessungen: 720 x 541 Pixel Angezeigt: 2 mal URL: http://kirmesgalerie.de/displayimage.php?pid=13540 Favoriten: zu Favoriten hinzufügen Powered by Coppermine Photo Gallery Wähle Sprache: Wähle Design Curve Eyeball Hardwired MylSilverSurfer * Rainy day Water drop Standard-Design Wähle Sprache Arabic / العربية Portuguese (Brazilian) / Português Brasileiro Bulgarian / Български Chinese simplified / 中文 - 简体 Czech / Česky Danish / Dansk English (US) English (British) Estonian / Eesti Finnish / Suomea French / Français German (informal) / Deutsch (Du)* German (formal) / Deutsch (Sie) Greek / Ελληνικά Hungarian / Magyarul Japanese / 日本語 Luxembourgish / Lietuviškai Polish / Polski Russian / Русский Slovak / Slovensky Slovenian / Slovensko Spanish / Español Mexican Spanish / Español mexicano Turkish / Türkçe Ukrainian / Українська Standard-Sprache Myl-SiverSurfer by SGo :: Converted by DaMysterious ","title":"Melodie Star - Müller - DFV Berlin 2008 41 - ","desc":null,"details":{"length":1390,"language":"de","date":"2014/10/31 16:18:34","type":"text/html","country":""},"crawling":{"duration":"1","date":"2014/10/31 16:18:34"},"metas":[],"uri":{"protocol":"http","domain":"de.kirmesgalerie.","url":"http://kirmesgalerie.de/displayimage.php?album=797&pos=15"}}},{"_index":"de_content_201410","_type":"resourceQ","_id":"http://wow-bdt.de/index.php?categoryid=1&p45_dayid=14&p45_monthid=6&p45_yearid=2014&s=3a02459969ae86965bd55b98c21905ac","_score":1.0, "_source" : {"body":" Forum Statistik Mitglieder: 479 Themen: 2194 Beiträge: 17647 Top Poster: Aini (2039) Wir begrüßen unser neuestes Mitglied, Silberherz Latest Posts Musik zum Fest Verfasst von Superiffi BdT sucht Verfasst von Skar The Satai Ultraxion 10er HC Verfasst von Bodhi Users Online Jetzt online: 79 0 Mitglieder | 79 Gäste Besucherrekord: 1676 , am 25.März 2012 um 05:56 AM. Raid/Eventkalender ... Home Instanzen-Resets Juni Juli August Mo Di Mi Do Fr Sa So 1 2 3 4 5 6 7 8 9 10 11 12 13 14 15 16 17 18 19 20 21 22 23 24 25 26 27 28 29 30 Mo Di Mi Do Fr Sa So 1 2 3 4 5 6 7 8 9 10 11 12 13 14 15 16 17 18 19 20 21 22 23 24 25 26 27 28 29 30 31 Mo Di Mi Do Fr Sa So 1 2 3 4 5 6 7 8 9 10 11 12 13 14 15 16 17 18 19 20 21 22 23 24 25 26 27 28 29 30 31 BdT-News Happy Birthday Ulfi von Aini Veröffentlicht am: 18.Mai 2012 Drucken    Email Ulfi wird 101. Man hast du Dich gut gehalten. Auf die Gefahr hin, dass das Jahr nicht stimmt wünschen wir Dir dennoch alles Gute zum Geburtstag. Kommentare ansehen (2) Hagenvtronje - 20.Mai 2012 Ulfi, auch von Benk und mir die besten Glückwünsche. Machet jut, Bis denne Sahri - 19.Mai 2012 Happy Birthday Ulfi, wünscht der Bären-Clan Sie haben keine Berechtigung auf dieser Seite zu kommentieren. Herzlichen Glückwunsch Catz von Aini Veröffentlicht am: 6.Mai 2012 Drucken    Email Auch wenn Dein Char heute anders heißt, für mich bleibt es bei CatzAuch. Ich Wünsche Dir alles Güte zu Deinen heutigen Geburtstag. Dirk Kommentare ansehen (3) Catz - 17.Mai 2012 das ist ja lieb von Euch. Danke schön. Hagenvtronje - 16.Mai 2012 Spät aber dennoch: Alles Gute von Benk und mir. Wir sehen uns. Bis denne Sahri - 6.Mai 2012 Auch vom Bärenclan allles Gute liebe Catz!!! Sie haben keine Berechtigung auf dieser Seite zu kommentieren. Happy Birthday Rox!!! von Sahri Veröffentlicht am: 18.April 2012 Drucken    Email Lieber Rox, alles Gute zum Geburtstag und lass dich verwöhnen. LG, Loré, Andruid+Minimonstas^^ Kommentare ansehen (2) Hagenvtronje - 16.Mai 2012 Sry für späte Glückwünsche, Rox. Man sieht sich hoffentlich ingame. Bis denne Superiffi - 18.April 2012 Wer ist Rox ? Sie haben keine Berechtigung auf dieser Seite zu kommentieren. Alles Gute zum Burzeltag an Seturo von Andruid Veröffentlicht am: 13.März 2012 Drucken    Email unserem militant effektivem Haueisen alter Schule alles Gute von der Bärenbande und dem Rest der Geschwister Kommentare ansehen (3) Seturo - 30.März 2012 Bissl spät, aber vielen Dank an alle Aktuell am wow pausieren ... Hagenvtronje - 17.März 2012 Bisserl spät, aber auch von Benk und mir alles Gute zum Ehrentag. Bis denne Superiffi - 14.März 2012 Auch von mir Alles Gute !! LG Iffi !! Sie haben keine Berechtigung auf dieser Seite zu kommentieren. Herzlichen Glückwunsch Andruid von Aini Veröffentlicht am: 14.Februar 2012 Drucken    Email Jaja, nicht nur Tyrone hat dier Tage Geburtstag, sondern auch Andruid. Wir wünschen Dir alles Gute zum Geburtstag, mögest Du immer Deinen Rechner vor Tillmann verteidigen können. Gruß Dirk Kommentare ansehen (3) Tyrone - 17.Februar 2012 Und natürlichwünsch ich Dir das Doppelte vonm dem was Du mir wünschst .. Hagenvtronje - 16.Februar 2012 Wie alt können Bären eigentlich werden? Knut ist ja schon von uns gegangen, bei deinem Alter wirds auch Zeit, Alter^^. Alles Gute von Benk und mir Superiffi - 14.Februar 2012 Alles Gute Dicker !! Grüße auch an Lore und Anhang !! LG Iffi !! Sie haben keine Berechtigung auf dieser Seite zu kommentieren. Vor » UW Raidkalender Login Panel Benutzername: Passwort: Anmeldeinformation merken Nicht registriert? Jetzt registrieren! Sie haben ihr Passwort vergessen? Kalender << JUN 2014 >> S M T W T F S 1 2 3 4 5 6 7 8 9 10 11 12 13 14 15 16 17 18 19 20 21 22 23 24 25 26 27 28 29 30 6/14/2014 NEWS Keine News heute 6/14/2014 RAIDS Keine Raids/Events heute Shoutbox Tyrone hello zusammen Baron Baron Paradeus moin andruid^^ marsu huhu :3 Baron Das will ich sehen Sie haben nicht die Berechtigung, Daten zu übermitteln. Nachrichten-Archiv ansehen Latest Images Latest Files Anleitung für Newsschreiber Teamspeakclient Du bist Besucher (c) Brüder des Tyrone - World of Warcraft™ and Blizzard Entertainment® are all trademarks or registered trademarks of Blizzard Entertainment |  Design by indiqo.media ","title":"::: Brüder des Tyrone ::: Eine World of Warcraft Gilde der Allianz auf Server Malfurion - Home","desc":"Eine World of Warcraft Gilde der Allianz auf Server Malfurion","details":{"length":4235,"language":"de","date":"2014/10/31 16:18:33","type":"application/xhtml+xml","country":""},"crawling":{"duration":"1","date":"2014/10/31 16:18:33"},"metas":[{"name":"description","value":"Eine World of Warcraft Gilde der Allianz auf Server Malfurion"},{"name":"keywords","value":"WoW,Gilde,Malfurion,Tyrone,Ulfi,Brüder"}],"uri":{"protocol":"http","domain":"de.wow-bdt.","url":"http://wow-bdt.de/index.php?categoryid=1&p45_dayid=14&p45_monthid=6&p45_yearid=2014&s=3a02459969ae86965bd55b98c21905ac"}}},{"_index":"de_content_201410","_type":"resourceQ","_id":"http://rc-werkstatt.de/index.php/tagged/260-monstertruck/?objecttype=com.woltlab.wbb.thread&s=871e632eade12bdc9591d4e3cf43687dab576946","_score":1.0, "_source" : {"body":" Anmelden oder registrieren Benutzername oder E-Mail-Adresse Sind Sie bereits registriert? Nein, ich möchte mich jetzt registrieren. Ja, mein Kennwort lautet: Kennwort Dauerhaft angemeldet bleiben Kennwort vergessen Nur Betreff durchsuchen Ergebnisse als Themen anzeigen Erweiterte Suche Dashboard Forum Mitglieder Galerie Marktplatz Blog Zum Seitenende Schnellnavigation Inhalte Themen Blog-Artikel Marktplatz-Eintrag Bilder Tags 1/10 1:6 1:8 2s 3s Actioncam Airbrush Ansmann Axial Axial SCX Axial SCX10 Bashen Beetle Brushless Buggy Bulli CC-01 CC01 Chevi Clod Buster Cobra Crawler Drift Empfänger FG Fernsteuerung Foffy Ford Gmade HPI Heli Helicopter Helikopter Hilux Honcho Jeep Kiesgrube King Hauler Knipex Käfer LRP Ladegerät Leistung Losi Losi 5ive-T MRC Macnum Mad Force Merching Minidrom Monster Truck Monstertruck Motor Multiplex Neu Nitro Offroad Pick Up RC RC4WD Rally Reely Regler Reifen Robitronic Rockcrawler SCX10 Sandgrube Scale Scaler Seilwinde Servo Silikonöl Slash Tamiya Traxxas Tundra Umbau Unbenutzt VW T1 Verbrenner Vorstellung Wasserpumpenzange Werkzeug Wrangler ax10 benziner erdanker ersi gopro hilfe kyosho lipo nimh seil treffen tt-01 winch winde zubehör RC-Werkstatt.de - Das Modellbau-Forum für alle Modellbaubereiche » Themen mit dem Tag „Monstertruck“ Themen Thema Antworten Likes Zugriffe Letzte Antwort Tamiya Clod Buster von 1987 MaddyDaddy - 30. Dezember 2012, 21:06 - RC Car Empfehlungen / Modellvorstellungen 5 388 Gift-Hamster 31. Dezember 2012, 10:35 RC-Werkstatt.de - Das Modellbau-Forum für alle Modellbaubereiche » Impressum Zum Seitenanfang 3. Juli 2014, 23:07 Forensoftware: Burning Board® 4.0.7, entwickelt von WoltLab® GmbH ","title":"Themen mit dem Tag „Monstertruck“ - RC-Werkstatt.de - Das Modellbau-Forum für alle Modellbaubereiche","desc":"Wir bieten Modellbauberatung und Empfehlung sowie Hilfestellung bei Problemen verpackt in einer dynamischen Community","details":{"length":1672,"language":"de","date":"2014/10/31 16:18:33","type":"text/html","country":""},"crawling":{"duration":"1","date":"2014/10/31 16:18:33"},"metas":[{"name":"viewport","value":"width=device-width, initial-scale=1"},{"name":"format-detection","value":"telephone=no"},{"name":"description","value":"Wir bieten Modellbauberatung und Empfehlung sowie Hilfestellung bei Problemen verpackt in einer dynamischen Community"},{"name":"keywords","value":"modellbau, conrad, hpi, kyosho, hobbyking, rc-forum, rc forum, rc-modellbau, modellbau-forum, modellbau forum, rc-car,  rc-werkstatt, werkstatt, rc-tuning, rc-car-werkstatt, rc-car-tuning, rc forum nürnberg, rc, forum,"},{"name":"og:site_name","value":"RC-Werkstatt.de - Das Modellbau-Forum für alle Modellbaubereiche"}],"uri":{"protocol":"http","domain":"de.rc-werkstatt.","url":"http://rc-werkstatt.de/index.php/tagged/260-monstertruck/?objecttype=com.woltlab.wbb.thread&s=871e632eade12bdc9591d4e3cf43687dab576946"}}},{"_index":"de_content_201410","_type":"resourceQ","_id":"http://parrotshop.de/hund/betten-sofas-und-co./betten/666/hundebett-derby-medium-blue-red-von-wj?c=2805","_score":1.0, "_source" : {"body":" Parrotshop.de Hotline 02451/693330 VERSANDKOSTENFREI AB 29,90 € innerhalb Deutschland 30 TAGE RÜCKGABERECHT Anmelden Mein Konto Merkzettel (0)   Warenkorb Warenkorb 0 Artikel | 0,00 €* Positionen anzeigen     Home Vogel Angebote Neuheiten Futter & Snacks Saatfutter Pellets Eifutter Kochfutter Quellfutter Plätzchen Leckereien Knabbereien Vitamine & Mineralien Vitamine Mineralien Wellness Pflege, Haltung & Erziehung Ungezieferschutz Hygiene Käfigeinstreu Leuchtmittel Badehäuser, Nistkästen & Sonstiges Spielzeuge Limitierte Spielzeuge Acrylspielzeug Holzspielzeug Aktivspielzeug Metallspielzeug Handspielzeug Treat Spielzeug Do It Yourself Schaukeln & Leitern Seile und Spiralen Show & Trickspielzeug Sittichspielzeug Literatur Bücher Sitzstangen & Schaukeln Therapeutische Sitzstangen Therapeutische Schaukeln Wellness Sitzstangen Java Sitzstangen Rainforest Sitzstangen Käfige & Einrichtung Volieren Käfige aus Edelstahl Käfige für kleine Vögel Käfige für große Vögel Eco-Line Evo-Line Käfigeinrichtung Freisitze Java Unikate Transport Hund Neuheiten Angebote Trockenfutter Magnusson Nassfutter Futter-Nahrungsergänzung Aufbau & Leistung Gelenke & Knochen Haut & Fell Magen & Darm Vitamine & Mineralien Snacks LARSSON-Snacks GAYA-Kauhorn Gelenkpflege Zahnpflege Trockenprodukte NaturSnacks Softsnacks Kauartikel Kekse & Kuchen Würstchen & Co. Sensitive Snacks Pflege & Gesundheit Augen & Ohren Pfoten & Kralle Fell & Haar Ungezieferschutz Hygiene Zahnpflege Hundeapotheke Welpen-Aufzucht Erziehung Trainingszubehör Hundepfeifen Welpenerziehung Spiel & Sport Agility Intelligenz Appotieren Spielzeug Snack-Spielzeug Kleidung & Accessoires Funktionskleidung Näpfe & Tränken Edelstahlnäpfe Kunststoffnäpfe Keramiknäpfe Futterständer Futter- und Wasserautomaten Reisennäpfe Sonstiges Reise & Erholung Autozubehör Fahrrad- und Joggerzubehör Bench, Transportboxen und Taschen Reiseaccessoires Betten, Sofas & Co. Betten Outdoor Körbe Kissen Sofas Liegedecken Halsbänder & Leinen Adressanhänger Geschirre Halsbänder Leinen Katze Neuheiten Trockenfutter Josera Nassfutter Futter-Nahrungsergänzung Aufzucht Haut & Fell Toiletten & Co. Katzenstreu Snacks Pflege & Gesundheit Pfoten & Kralle Fell & Haar Ungezieferschutz Hygiene Zahnpflege Spielzeug Bälle & Co. Spielmäuse Intelligenz Snack-Spielzeug Haus & Garten Klappen, Türen und Netze Näpfe & Tränken Edelstahlnäpfe Kunststoffnäpfe Keramiknäpfe Futter- und Wasserautomaten Reise & Erholung Bench, Transportboxen und Taschen Kratzbäume & Möbel Betten, Sofas & Co. Betten & Sofas Kissen Körbe Halsbänder & Leinen Adressanhänger & Schmuck Geschirre Halsbänder Leinen Freiland Vögel Futter ganzes Jahr Futter Winter Nager Neuheiten Angebote Futter & Snacks Futter Artenübergreifend Chinchilla / Degu Frettchen Hamster Lemminge Mäuse / Gerbil Meerschweinchen Ratten Igel Streifenhörnchen Zwergkaninchen Heu & Stroh Käfigeinstreu Nahrungsergänzung Vitamine Mineralien Nagersteine Pflege & Gesundheit Fell & Krallen Hygiene Ausstattung & Zubehör Heuraufen Holzhäuser, Tunnel & Höhlen Laufräder Näpfe & Tränken Nester & Grashäuser Spielzeug & Co. Sitzbretter Toiletten Betten & Hängematten Einstreu & Nistmaterial Reise & Transport Geschirre & Leinen Transportboxen Käfige, Volieren & Outdoor Volieren Käfige Außenställe Freigehege Aquaristik Futter Flockenfutter Tablettenfutter Granulat Aufzuchtfutter Spezialfutter Ferienfutter Wirbellose, Garnelen, Krebse & Co. Bodenfische Diskus & Cichliden Pflege & Gesundheit Vitamine Aquariumapotheke Wasserpflege & Aufbereitung Algenbekämpfung Reinigung & Zubehör Aquarien Einsteigermodelle Modelle für Fortgeschrittene Unterschränke Zubehör Filter & Pumpen Außenfilter Innenfilter Filtermaterial Pumpen Technik & Zubehör CO2 UVC-Wasserklärer Sauerstoffversorgung Heizungen Beleuchtung Aquarienpflanzen & Pflege Dünger Bodengrund Algen & Schneckenbekämpfung Zubehör Dekoration & Sonstiges Terraristik Reptilienfutter Wasserschildkröten Landschildkröten Pflanzen- und Insektenfresser Pflege & Gesundheit Vitamine Terrariumapotheke Ausstattung & Zubehör Einstreu Technik & Zubehör Beleuchtung Dekoration & Sonstiges Natürliche Dekorationen Höhlen & Felsen Garten & Teich Garten Wildvogelfutter Vogelhäuser Igelhäuser Teich Futter Pflege & Gesundheit Technik & Zubehör Pflanzen & Pflege Pferd %SALE%   Sie sind hier: Parrotshop.de / Hund / Betten, Sofas & Co. / Betten / Hundebett DERBY - MEDIUM Blue-Red von W&J Hund Neuheiten Angebote Trockenfutter Nassfutter Futter-Nahrungsergänzung Snacks Pflege & Gesundheit Erziehung Spiel & Sport Kleidung & Accessoires Näpfe & Tränken Reise & Erholung Betten, Sofas & Co. Betten Outdoor Körbe Kissen Sofas Liegedecken Halsbänder & Leinen   6 von 31 ( Übersicht) Zurück Weiter         Hundebett DERBY - MEDIUM Blue-Red von W&J Bestell-Nr.: D40031 EAN 4038374400313   Sofort versandfertig, Lieferzeit 1-3 Werktage 49,90 € * Inhalt: 1 Stück * Preise inkl. gesetzlicher MwSt. zzgl. Versandkosten   Dieser Artikel steht derzeit nicht zur Verfügung! Menge: 1 Stk 2 Stk       Fragen zum Artikel? Artikel vergleichen Auf den Merkzettel Artikel weiterempfehlen       Beschreibung Hundebett DERBY - MEDIUM Blue-Red von W&J \"Die königliche Hundebetten-Serie\" aus dem Hause WALLACE & JONES   DERBY - Ein hochwertiges, kuschliges Hundebett mit Schmusekissen in marineblau-rot, mit Tragegriffen und edlen Metallapplikationen.   Highlight ist das original \"Wallace & Jones Royality\" - Wappen an der Vorderseite   Material: 100% Baumwolle, komplett abnehmbarer Bezug des Innenkissens, Aussenkissens und des Schmusekissens, bei 30° C waschbar   Alle Materialien, die bei WALLACE and JONES Produkten verwendet werden verfügen über eine spezielle Imprägnierung, welche eine schnelle und einfache, feuchte Reinigung zulässt.     Lieferbar in 4 Größen: MEDIUM ca.90 x 63 x 20 cm     Farbe Rot/Blau Marke Wallace & Jones   Weiterführende Links Weitere Artikel von Wallace & Jones Kundenbewertungen für \"Hundebett DERBY - MEDIUM Blue-Red von W&J\"   Bewertung schreiben Ihr Name*:   Ihre eMail-Adresse*:   Zusammenfassung*:   Bewertung*: 10 sehr gut 9 8 7 6 5 4 3 2 1 sehr schlecht   Ihre Meinung:   Bitte geben Sie die Zahlenfolge in das nachfolgende Textfeld ein     Die mit einem * markierten Felder sind Pflichtfelder.   Facebook-Kommentare Ähnliche Artikel   Hundekissen KENSINGTON - LARGE brown-beige... Inhalt: 1 Stück 39,90 € * Zum Produkt   Hundebett DERBY - X-Large Blue-Red von W&J Inhalt: 1 Stück 79,90 € * Zum Produkt   Hundebett DERBY - XX-Large Blue-Red von W&J Inhalt: 1 Stück 99,90 € * Zum Produkt     Parrotshop.de Kontakt AGB Blog Datenschutzerklärung Widerrufsbelehrung Zahlung & Versand Impressum Kundenservice Kataloge & mehr Über uns Newsletter Sitemap Rückgabe Interessantes Google+ Hundebett DERBY Hundebett DERBY Hundekissen Trixie W J NEW NELSON Hundekissen W J NELSON W J NEW NELSON Hundebett DERBY Hundekissen Hundebett DERBY Hundebett DERBY Trixie W J Sport DERBY Hundebett DERBY * Alle Preise inkl. gesetzl. Mehrwertsteuer zzgl. Versandkosten und ggf. Nachnahmegebühren, wenn nicht anders beschrieben Copyright © 2012-2013 Papageienparadies e.K. - Alle Rechte vorbehalten. ","title":"Hundebett DERBY - MEDIUM Blue-Red von W&J | Betten | Betten, Sofas & Co. | Hund | Parrotshop.de","desc":"\"Die königliche Hundebetten-Serie\" aus dem Hause WALLACE & JONES DERBY - Ein hochwertiges, kuschliges Hundebett mit Schmusekissen in marineblau-rot, mit Tragegriffen und edlen Metallapplikationen. Highlight ist das original \"Wallace & Jones Royality\" - Wappen an der Vorderseite Material: 100% Baumwolle, komplett abnehmbarer Bezug des Innenkissens, Aussenkissens und des Schmusekissens, bei 30° C waschbar  Alle Materialien, die bei WALLACE and JONES Produkten verwendet werden verfügen über eine spezielle Imprägnierung, welche eine schnelle und einfache, feuchte Reinigung zulässt.   Lieferbar in 4 Größen:MEDIUMca.90 x 63 x 20 cm","details":{"length":7104,"language":"de","date":"2014/10/31 16:18:34","type":"application/xhtml+xml","country":""},"crawling":{"duration":"1","date":"2014/10/31 16:18:34"},"metas":[{"name":"author","value":"Papageienparadies Wagner e.K., Geilenkirchen"},{"name":"copyright","value":"Parrotshop.de -  Papageienparadies Wagner e.K., Geilenkirchen"},{"name":"robots","value":"index,follow"},{"name":"revisit-after","value":"3 days"},{"name":"keywords","value":"WALLACE, JONES, Produkten, verwendet, verfügen, spezielle, über, and, Alle, Schmusekissens, Aussenkissens, 30, waschbar, Imprägnierung, Materialien, schnelle, 90, MEDIUMca, 63, 20"},{"name":"description","value":"\"Die königliche Hundebetten-Serie\" aus dem Hause WALLACE & JONES DERBY - Ein hochwertiges, kuschliges Hundebett mit Schmusekissen in marineblau-rot, mit Tragegriffen und edlen Metallapplikationen. Highlight ist das original \"Wallace & Jones Royality\" - Wappen an der Vorderseite Material: 100% Baumwolle, komplett abnehmbarer Bezug des Innenkissens, Aussenkissens und des Schmusekissens, bei 30° C waschbar  Alle Materialien, die bei WALLACE and JONES Produkten verwendet werden verfügen über eine spezielle Imprägnierung, welche eine schnelle und einfache, feuchte Reinigung zulässt.   Lieferbar in 4 Größen:MEDIUMca.90 x 63 x 20 cm"},{"name":"og:title","value":"Hundebett DERBY - MEDIUM Blue-Red von W&J | Parrotshop.de"},{"name":"og:type","value":"product"},{"name":"og:url","value":"http://www.parrotshop.de/hund/betten-sofas-und-co./betten/666/hundebett-derby-medium-blue-red-von-wj"},{"name":"og:description","value":" "},{"name":"fb:app_id","value":"292652220853647"},{"name":"og:image","value":"http://www.parrotshop.de/images/articles/d40031-hundebett-derby---medium-blue-red-von_1_3.jpg"},{"name":"msapplication-navbutton-color","value":"#dd4800"},{"name":"application-name","value":"Parrotshop.de"},{"name":"msapplication-starturl","value":"http://www.parrotshop.de/"},{"name":"msapplication-window","value":"width=1024;height=768"}],"uri":{"protocol":"http","domain":"de.parrotshop.","url":"http://parrotshop.de/hund/betten-sofas-und-co./betten/666/hundebett-derby-medium-blue-red-von-wj?c=2805"}}},{"_index":"de_content_201410","_type":"resourceQ","_id":"http://feisol.de/nivelliersockel-c-16.html?oscsid=eeafig8netmrr5capkbcnfb751","_score":1.0, "_source" : {"body":"    Katalog » Nivelliersockel Ihr Konto  |  Warenkorb  |  Kasse    Kategorien RAPID Carbon Stative RAPID Einbeinstative Kugelköpfe Video-Neiger Gimbal Mittelsäulen Auslegearme Nivelliersockel Panorama-Drehteller Schnellspannadapter Kupplungsplatten Spikes Stativtaschen Stativwagen Spezial Stativ Ersatzteile & Service Sonderangebote Wasserwaagen Schnellsuche   erweiterte Suche Information PRO Verzeichnis FEISOL SERVICE FEISOL FEATURES Über FEISOL Versand & Verpackung Versand in die Schweiz Bedienungsanleitungen Datenschutz AGB Impressum Kontakt Händlerverzeichnis Wir beliefern Other FEISOL representations FEISOL BENELUX FEISOL EUROPE Neue Produkte Wasserwaage für Mittelsäule EUR22,00 Empfehlungen FEISOL Kugelkopf CB-70D, inkl. Kupplungsplatte QP-144750 EUR209,00 Wer ist online? Zur Zeit sind 251 Gäste und 19 Kunden  online. FEISOL Nivelliersockel Nivelliersockel werden zwischen dem Kugelkopf bzw. Stativkopf und dem Stativ selbst integriert. Mit der Nivellierfunktion können Sie die vertikale und horizontale Ausrichtung Ihrer Kamera anpassen bzw. korrigieren. Dieses ist z.B. auf ungleichmässigen Boden in freier Natur wichtig.      Produkte+    Preis   Bestellen      FEISOL Nivelliersockel LB-75100   EUR74,80        FEISOL Nivelliersockel LB-7567   EUR74,80        FEISOL Nivelliersockel LB-7572   EUR74,80    angezeigte Produkte: 1 bis 3 (von 3 insgesamt) Seiten:   1  Warenkorb 0 Produkte Zertifikate SSL Verschlüsselung Bezahloptionen FEISOL @ FACEBOOK Hier anmelden Willkommen Gast! eMail Adresse: Passwort: (vergessen?) Noch nicht registriert? Klicken Sie hier um ein Kundenkonto zu erstellen Bestseller 01. FEISOL Nivelliersockel LB-7567 02. FEISOL Nivelliersockel LB-7572 03. FEISOL Nivelliersockel LB-75100 Bewertungen Schon beim Auspacken machte sich Begeisterung breit, erst re ..   Donnerstag, 03. Juli 2014   Text und Bilder © FEISOL INC   5807681 Zugriffe seit Donnerstag, 26. Juni 2008   ","title":"FEISOL Deutschland - Carbon Stative, Einbeinstative, Kugelköpfe","desc":"FEISOL Deutschland: High Quality Carbon Stative, Einbeinstative, Mittelsäulen, Kugelköpfe, Schnellspannadapter, Kupplungsplatten, Panorama-Drehteller, Auslegearme, Nivelliersockel, Spikes, Stativtaschen, Stativwagen","details":{"length":1918,"language":"de","date":"2014/10/31 16:18:33","type":"text/html","country":""},"crawling":{"duration":"1","date":"2014/10/31 16:18:33"},"metas":[{"name":"Description","value":"FEISOL Deutschland: High Quality Carbon Stative, Einbeinstative, Mittelsäulen, Kugelköpfe, Schnellspannadapter, Kupplungsplatten, Panorama-Drehteller, Auslegearme, Nivelliersockel, Spikes, Stativtaschen, Stativwagen"},{"name":"Keywords","value":"FEISOL, FEISOL Deutschland, FEISOL Germany, Stative, Carbon Stative, Einbeinstative, Mittelsäulen, Kugelköpfe, Schnellspannadapter, Kupplungsplatten, Panorama-Drehteller, Auslegearme, Nivelliersockel, Spikes, Stativtaschen, Stativwagen"}],"uri":{"protocol":"http","domain":"de.feisol.","url":"http://feisol.de/nivelliersockel-c-16.html?oscsid=eeafig8netmrr5capkbcnfb751"}}},{"_index":"de_content_201410","_type":"resourceQ","_id":"http://premior.de/oder-zimmerwohnung-it-1472.html?oscsid=a126c066579c15dcd28234893f9cd8a6&page=2","_score":1.0, "_source" : {"body":"       erweiterte Suche Noch nicht registriert? Passwort vergessen? 2,5 oder 3 Zimmerwohnung Inserat verbreiten     Ich suche dringend eine 2,5 oder 3 Zimmerwohnung in Neukölln (12043, 12045, 12053, 12059) bis ca. 670,-€ warm. Wünschenswert wäre mit einem Fahrstuhl. Bei erfolgreicher Wohnungsvermittlung erhält die Person 1000,-€ als Belohnung. Belohnung: 1.000,00 EUR; Anzahl: 1 PLZ-Bereich: 12045 Um einen Hinweis geben zu können, registrieren Sie sich/melden Sie sich bitte an. Belohnungen für Geschäftskontakte (4) Gesuchte Personen (3) Immobilien (48) Informationen, Rat & Hinweise (4) Öffentliche Suchen (17) Personal (7) Sammeln & Seltenes (1) Sonstige Belohnungen (5) Vermisste Sachen (17) Vermisste Tiere (15) Waren & Dienstleistungen (22) Belohnungen in meiner Nähe Top-Belohnungen Kontakt • Impressum • unsere AGB • Häufige Fragen • meine Buchungen ","title":"2,5 oder 3 Zimmerwohnung, premior.de","desc":"premior.de ist der erste Marktplatz für Belohnungen für Informationen und Gefallen. Durch das Anbieten einer Belohnung auf premior teilst Du anderen mit, welches Problem Du gelöst haben möchtest und was Dir diese Lösung wert ist. So motivierst Du völlig Unbekannte, Dir zu helfen. Egal wie alltäglich oder außergewöhnlich der Wunsch ist - mit der richtigen Belohnung wird sich jemand finden, der eine Lösung hat. Ob Du etwas oder jemanden suchst, einen Rat, eine Auskunft oder einen Kontakt brauchst, günstig einkaufen willst oder eine Wohnung suchst, wo alle anderen auch eine Wohnung suchen - die richtige Belohnung wird zur Lösung führen.","details":{"length":861,"language":"de","date":"2014/10/31 16:18:35","type":"application/xhtml+xml","country":""},"crawling":{"duration":"1","date":"2014/10/31 16:18:35"},"metas":[{"name":"description","value":"premior.de ist der erste Marktplatz für Belohnungen für Informationen und Gefallen. Durch das Anbieten einer Belohnung auf premior teilst Du anderen mit, welches Problem Du gelöst haben möchtest und was Dir diese Lösung wert ist. So motivierst Du völlig Unbekannte, Dir zu helfen. Egal wie alltäglich oder außergewöhnlich der Wunsch ist - mit der richtigen Belohnung wird sich jemand finden, der eine Lösung hat. Ob Du etwas oder jemanden suchst, einen Rat, eine Auskunft oder einen Kontakt brauchst, günstig einkaufen willst oder eine Wohnung suchst, wo alle anderen auch eine Wohnung suchen - die richtige Belohnung wird zur Lösung führen."},{"name":"keywords","value":"Belohnung, Prämie, Finderlohn, Schlüssel verloren, Brieftasche verloren, Suche Wohnung, Brauche Hinweise, Suche Hinweise, Sammlung, gestohlen, Fahrerflucht, Recherche, Suche, Mitarbeiter, Vandalismus, Opfer, Ring verloren, Kuscheltier verloren, Digitalkamera verloren, Handy verloren, Problem, Lösung"},{"name":"og:image","value":"http://www.premior.de/images/$T2eC16h,!zUE9s39!eu1BRY!e2ii(g~~48_72_1383218853.jpeg"},{"name":"og:image","value":"http://www.premior.de/images/$T2eC16h,!zUE9s39!eu1BRY!e2ii(g~~48_72_1383218853.jpeg"},{"name":"og:site_name","value":"premior.de: 2,5 oder 3 Zimmerwohnung"},{"name":"og:title","value":"2,5 oder 3 Zimmerwohnung"},{"name":"og:image","value":"http://www.premior.de/images/store_logo_fb.png"}],"uri":{"protocol":"http","domain":"de.premior.","url":"http://premior.de/oder-zimmerwohnung-it-1472.html?oscsid=a126c066579c15dcd28234893f9cd8a6&page=2"}}},{"_index":"de_content_201410","_type":"resourceQ","_id":"http://min-ding.de/louis-vuitton-papillon-yayoi-kusama-monogram-vernis-dots-m91425-p-17697.html","_score":1.0, "_source" : {"body":" Currencies:  US Dollar Euro GB Pound Canadian Dollar Australian Dollar Danish Krone Swedish Krona Swiss Franc French franc Home Sign In Register My Cart Shopping Bag 0 Items $0.00 Home 2014 Coach Audrey Bags Sale A&F Men Vintage Shorts Vest Sweater Short Tees Short Shirts Polo Strip Short Tees Polo Short Tees Polo Long Tees Pants Long Sleeve Tees Long Sleeve Shirts Jeans Hoodies Grid Long Sleeve Shirts Down Vest Down Jackets Double Sides Short Tees Coats Cargo Pants Beach Shorts Athletic Shorts A&F Women Sweaters Short Tees Short Pant Shirts Polo Short Tees Pants Long Sleeve Tees Jacket Hoodies Dresses Down Vest Down Jackets Coats Abercrombie And Fitch Mens Abercrombie And Fitch Mens Vintage Shorts Abercrombie And Fitch Mens Polo Strip Short Tees Abercrombie And Fitch Mens Sweater Abercrombie And Fitch Mens Short Shirts Abercrombie And Fitch Mens Short Tees Abercrombie And Fitch Mens Polo Short Tees Abercrombie And Fitch Mens Pants Abercrombie And Fitch Mens Long Sleeve Tees Abercrombie And Fitch Mens Polo Long Shirts Abercrombie And Fitch Mens Grid Long Sleeve Shirts Abercrombie And Fitch Mens Long Sleeve Shirts Abercrombie And Fitch Mens Hoodies Abercrombie And Fitch Mens Down Vest Abercrombie And Fitch Mens Coats Abercrombie And Fitch Mens Down Jackets Abercrombie And Fitch Mens Jeans Abercrombie And Fitch Mens Double Sides Short Tees Abercrombie And Fitch Mens Beach Shorts Abercrombie And Fitch Mens Athletic Shorts Abercrombie And Fitch Womens Abercrombie And Fitch Womens Short Tees Abercrombie And Fitch Womens Polo Short Tees Abercrombie And Fitch Womens Skirts Abercrombie And Fitch Womens Pants Abercrombie And Fitch Womens Shirts Abercrombie And Fitch Womens Sweater Abercrombie And Fitch Womens Down Abercrombie And Fitch Womens Hoodies Abercrombie And Fitch Womens Dresses Abercrombie And Fitch Womens Coats Abercrombie And Fitch Womens Down Vest Abercrombie And Fitch Womens Jeans Abercrombie And Fitch Womens Long Sleeve Tees Abercrombie And Fitch Womens Down Jackets Abercrombie couple couple vest couple Hoodies couple coat Adidas Shoes Adidas Superstar New Arrived Adidas Superstar II Adidas Superstar Adidas Stan Smith Adidas Slides Adidas Running Shoes Adidas Promise Adidas Outdoor Shoes Adidas Originals Women Adidas Originals Shoes Adidas M Attitude Adidas Lovers Shoes Adidas Jeremy Scott Adidas Forum Lo Adidas Campus Adidas Adicolor Burberry Bags Burberry Handbags Burberry Travel Bags Burberry Wallets Burberry Men Bags Burberry Belts Burberry Clothing Burberry Women Trench Coat Burberry Glasses Burberry Hats Burberry Jeans Burberry Scarves Burberry Women Scarves Burberry Men Scarves Burberry Shawls Burberry Ties Burberry Watches Celine Bag Celine Picotin Celine Phantom Celine Trapeze Christian Louboutin Boots Christian Louboutin Flats Christian Louboutin Men shoes Christian Louboutin New Arrival Christian Louboutin Peep Toe Christian Louboutin Platforms Christian Louboutin Pumps Christian Louboutin Sandals Christian Louboutin Trainers Christian Louboutin Wedges Coach Alexandra Bags Coach Bags Sale Mens Coach Bags Sale Women Coach Business Bags Coach Crossbody Bags Coach Factory New Arrival 2014 Coach Factory New Arrivals 2013 Coach Kristin Bags Coach Madison Bags Coach New Arrivals 2014 Coach Poppy Bags Coach Purses Coach Wallets New Arrival Dior Bag Lady Dior Bag Dior Wallet Dior New Lock Miss Dior Bag Dior 2014 Bag ED Hardy ED Hardy Apparel ED Hardy Accessories Christian Audigier Mens Christian Audigier womens Franklin And Marshall Men's Franklin Marshall Women's Franklin Marshall Franklin Marshall Sets Gucci Gucci Bags Gucci Mens Gucci Womens Gucci Hats and Gloves Hermes Bag New Hermes Herbag Hermes Garden Party Hermes Bags 2013 Hermes Victoria Bag Hermes Crocodile Birkin New Hermes Wallet Hermes Birkin 40 New Arrivals 2014 Hermes Picotin Bag Hermes Evelyne Bag Hermes Birkin 30 Hermes Birkin 35 Hermes Kelly 22 Hermes Kelly 32 Hermes Constance Hermes Passport Wallet Hermes Jypsiere Hermes Lindy Hermes Ostrich Birkin Hogan 2011 Arrival Hogan 2012 Arrival Hogan 2013 Newest Hogan Lovers Shoes Hogan Men Light Shoes Hogan Men Sports Shoes Hogan Women Boots Hogan Women Cool Sandals Hogan Women Dancing Shoes Hogan Women Shoes Hogan Women Shoes Newest Hollister Hollister Men Hoodies Hollister Mens Short Tees Hollister Mens Solid Polo Tees Hollister Mens Shorts Hollister Womens Short Tees Hollister Womens Hoodies Hollister Womens Sweater Hollister Mens Strip Polo Tees Hollister Mens Sweater Hollister Womens Down Jackets Hollister Womens Down Vest Hollister Womens Hoody Shirts Hollister Womens Pants Hollister Womens Shorts Hollister Mens Pants Hollister Mens Beach Shorts Hollister Mens Down Vest Hollister Mens Down Jackets Hollister Mens Hoody Shirts Hollister Mens Jeans Hollister Men Vintage Shorts Vest Sweater Short Tees Shirts Polo Short Tees Pants Long Sleeve Tees Hoodies Grid Long Sleeve Shirts Down Vest Down Jackets Beach Shorts Hollister Women Short Tees Short Pant Pants Long Sleeve Tees Hoodies Dresses Down Vest Down Jackets Louis Vuitton Louis Vuitton Bags 2013 Louis Vuitton Bags 2014 New Products Louis Vuitton New Products Louis Vuitton Wallets Louis Vuitton Handbags Louis Vuitton Accessory MBT Shoes MBT Men's Sandals MBT Shoes Sale MBT Men's Shoes New MBT Shoes MBT Women's Shoes MBT Women's Sandals Michael Kors Michael Kors Shoulder Bags Michael Kors Totes Michael Kors Wallets Michael Kors Clutches Michael Kors Satchels New Balance New Balance 574 Horse New Balance 574 Neon New Balance 574 Eric Kot New Balance 574 Christmas New Balance 574 Base Camp New Balance 574 Leopard New Balance 574 CVF New Balance 996 Glow In The Dark New Balance 574 Candy New Balance 574 Kids New Balance 574 Winter New Balance 574 Windbreaker New Balance 574 Yacht Club New Balance WR996 New Balance 574 Classic New Balance 574 Retro New Balance 574 Fruity Pack New Balance 574 Suede Pack New Balance 574 Backpack New Balance 574 Rugger New Balance 574 Denim New Balance 574 Five Rings New Balance 574 Camo New Balance 574 Snake New Balance 574 Sonic New Balance 574 Olympic New Balance 574 Giant New Balance 574 Northern Lights New Era New Era Fitted Hats New Era Hats 2013 New Era Snapbacks Hats Nike Free Shop by Colors Nike Free Run 2 Nike Free Run 3 Nike Free 5.0 + Nike Free 3.0 V4 Nike Free 3.0 V2 Nike Free 3.0 Weave Nike Free 4.0 V2 Nike Free 4.0 V3 Nike Free 5.0 V4 Nike Free 6.0 Nike Free 3.0 Cross-Country Oakley Oakley 0960 Sunglasses Oakley 5969 Sunglasses Oakley 9099 Sunglasses Oakley Antix Sunglasses 2013 New Oakley Sunglasses Oakley Asian Fit Sunglasses Oakley Batwolf Sunglasses Oakley Daisy Chain Sunglasses Oakley Dart Sunglasses Oakley Dispatch II Sunglasses Oakley Dispatch Sunglasses Oakley Eyepatch Sunglasses Oakley Fast Jacket Sunglasses Oakley Fives Squared Sunglass Oakley Frogskins Sunglasses Oakley Fuel Cell Sunglasses Oakley Gascan Sunglasses Oakley Half X Sunglasses Oakley Hijinx Sunglasses Oakley Hinde Sunglasses Oakley Holbrook Sunglasses Oakley Jawbone Sunglasses Oakley Juilet Sunglasses Oakley Jupiter Squared Oakley M Frame Sunglasses Oakley Minute Sunglasses Oakley Monster Dog Sunglasses Oakley Necessity Sunglasses Oakley New Dispatch Sunglasses Oakley New Eyepatch Sunglasses Oakley New Fast Jacket Oakley New Holbrook Sunglasses Oakley New Jawbone Sunglasses Oakley New Radar Sunglasses Oakley New X Squared Oakley Oil Rig 2 Sunglasses Oakley Oil Rig Sunglasses Oakley Overtime Sunglasses Oakley Pit Boss Sunglasses Oakley Pit Bull Sunglasses Oakley Plaintiff Sunglasses Oakley Plate Sunglasses Oakley Radar Sunglasses Oakley Radarlock sunglass Oakley Scalpel Sunglasses Oakley Split Jacket Sunglasses Oakley Straight Jacket Other Oakley Sunglasses Oakley Ten Sunglasses Oakley Twentysix Sunglasses Oakley Whisker Sunglasses Oakley X Squared Sunglasses Polo Ralph Lauren Ralph Lauren Mens Ralph Lauren Womens Ralph Lauren Kids Accessories Prada Bag Prada Tote Bags Prada Bag Outlet Prada Top Handle Bags Prada Cosmetic Bags Prada Shoulder Bags Prada Saffiano Bags Prada Laptop Bags Prada Bags 2012 Prada Messenger Bags Prada New Arrival Prada Wallets Ray Ban Ray Ban Aviator Ray Ban Cats Ray Ban Clubmaster Ray Ban Folding Ray Ban Junior Ray Ban Jackie Ohh Ray Ban Wayfarer Tods Handbags Tods Mens Moccasin Gommino Tods Womens Boots Tods Womens Casual Shoes Tods Womens Moccasin Gommino Categories 2014 Coach Audrey Bags Sale A&F Men A&F Women Abercrombie And Fitch Mens Abercrombie And Fitch Womens Abercrombie couple Adidas Shoes Burberry Bags Burberry Belts Burberry Clothing Burberry Glasses Burberry Hats Burberry Jeans Burberry Scarves Burberry Shawls Burberry Ties Burberry Watches Celine Bag Christian Louboutin Boots Christian Louboutin Flats Christian Louboutin Men shoes Christian Louboutin New Arrival Christian Louboutin Peep Toe Christian Louboutin Platforms Christian Louboutin Pumps Christian Louboutin Sandals Christian Louboutin Trainers Christian Louboutin Wedges Coach Alexandra Bags Coach Bags Sale Mens Coach Bags Sale Women Coach Business Bags Coach Crossbody Bags Coach Factory New Arrival 2014 Coach Factory New Arrivals 2013 Coach Kristin Bags Coach Madison Bags Coach New Arrivals 2014 Coach Poppy Bags Coach Purses Coach Wallets New Arrival Dior Bag ED Hardy Franklin And Marshall Gucci Hermes Bag Hogan 2011 Arrival Hogan 2012 Arrival Hogan 2013 Newest Hogan Lovers Shoes Hogan Men Light Shoes Hogan Men Sports Shoes Hogan Women Boots Hogan Women Cool Sandals Hogan Women Dancing Shoes Hogan Women Shoes Hogan Women Shoes Newest Hollister Hollister Men Hollister Women Louis Vuitton   Louis Vuitton Accessory   Louis Vuitton Bags 2013   Louis Vuitton Bags 2014   Louis Vuitton Handbags   Louis Vuitton New Products   Louis Vuitton Wallets   New Products     Damier Ebene Canvas     Epi Leather     Mahina Leather     Monogram Canvas     Monogram Empreinte     Monogram Vernis     Precious Leather     Sofia Copplla     YaDamier Azur Canvas     Yayoi Kusama MBT Shoes Michael Kors New Balance New Era Nike Free Oakley Polo Ralph Lauren Prada Bag Ray Ban Tods Handbags Tods Mens Moccasin Gommino Tods Womens Boots Tods Womens Casual Shoes Tods Womens Moccasin Gommino Price Search less than $ 50 $50 - $100 $100 - $150 $150 - $200 $200 - $250 $250 - $300 $300 - $350 $350 - $400 $400 - $450 More than $ 500 Home ->  Louis Vuitton ->  New Products ->  Monogram Vernis ->  Louis Vuitton Papillon Yayoi Kusama Monogram Vernis Dots M91425 Product 12/26 Louis Vuitton Papillon Yayoi Kusama Monogram Vernis Dots M91425 Add to Cart: Price: $492.67   $112.76 Save: 77% off Model: M91425 5445 Units in Stock - Resized handles for comfortable shoulder carry - External flat pocket - Leather patch embossed with Yayoi Kusama and Louis Vuitton signatures - Lining printed with Infinity Net pattern. The Dots Infinity and the Infinity Net Patterns are inspired by Yayoi Kusama artwork and reinterpreted for Louis Vuitton. Size: 11.8'' x 5.9'' x 5.9'' All Louis Vuitton Handbags includs a serial number LV dust bag, LV authenticity card and LV care booklet. All markings and accessories are exact . Write Review Please tell us what you think and share your opinions with others. Be sure to focus your comments on the product. Review Rating: * Your Name: * Your Email: * Review Title: * Identifying Code: * Your review *: NOTE: HTML tags are not allowed. NOTE: Reviews require prior approval before they will be displayed Contact Us * Required information Full Name: * Email Address: * Message: * Other Products GUCCI card case 256444 A8WQN 1320 XH Sale $295.18   $74.26 Save: 75% off Abercrombie And Fitch UK Website Men Athletic Shorts $124.44   $39.34 Save: 68% off Oakley New Dispatch Sunglasses Black Frame Lightgrey Lens $130.06   $18.00 Save: 86% off Discount Abercrombie And (NO.2295)Fitch Womens Pants Clothing $126.47   $50.13 Save: 60% off Ed Hardy Caps-785 $65.50   $46.27 Save: 29% off Christian Louboutin Henriette Python Multicolour Outlet Sale $1,510.46   $148.49 Save: 90% off Franklin Marshall Men Gray Blue Short T-Shirt321 $38.61   $29.52 Save: 24% off Ed Hardy Women Handbag-140 $218.63   $103.20 Save: 53% off Franklin Marshall Blue/Green Men Short T-Shirt123 $39.01   $29.39 Save: 25% off Abercrombie And Fitch Shops UK Men Sweater $176.37   $56.41 Save: 68% off Ed Hardy Men Hoodies-12 $179.06   $86.28 Save: 52% off Abercrombie And Fitch Cheap Women Coats $244.34   $109.12 Save: 55% off USEFUL LINKS Privacy Policy Return & Exchange Shipping & Tracking CUSTOMER SERVICE Payment FAQS Contact Us ABOUT Terms & Conditions Follow Us facebook twitter Google + pinterest ","title":"Louis Vuitton Papillon Yayoi Kusama Monogram Vernis Dots M91425 [M91425] - $189.00 :","desc":"Louis Vuitton Papillon Yayoi Kusama Monogram Vernis Dots M91425 [M91425] - - Resized handles for comfortable shoulder carry- External flat pocket- Leather patch embossed with Yayoi Kusama and Louis Vuitton signatures- Lining printed with Infinity Net pattern. The Dots Infinity and the Infinity Net Patterns are inspired by Yayoi Kusama artwork and reinterpreted for Louis Vuitton.Size: 11.8'' x 5.9'' x 5.9''All","details":{"length":12544,"language":"en","date":"2014/10/31 16:18:32","type":"application/xhtml+xml","country":""},"crawling":{"duration":"1","date":"2014/10/31 16:18:32"},"metas":[{"name":"keywords","value":"Louis Vuitton Papillon Yayoi Kusama Monogram Vernis Dots M91425 [M91425] Louis Vuitton Accessory Louis Vuitton Handbags Louis Vuitton Wallets New Products Louis Vuitton Bags 2014 Louis Vuitton Bags 2013"},{"name":"description","value":"Louis Vuitton Papillon Yayoi Kusama Monogram Vernis Dots M91425 [M91425] - - Resized handles for comfortable shoulder carry- External flat pocket- Leather patch embossed with Yayoi Kusama and Louis Vuitton signatures- Lining printed with Infinity Net pattern. The Dots Infinity and the Infinity Net Patterns are inspired by Yayoi Kusama artwork and reinterpreted for Louis Vuitton.Size: 11.8'' x 5.9'' x 5.9''All"},{"name":"google-translate-customization","value":"c805168585229882-535d49535da17619-gc6b6c0fe6070bc82-12"}],"uri":{"protocol":"http","domain":"de.min-ding.","url":"http://min-ding.de/louis-vuitton-papillon-yayoi-kusama-monogram-vernis-dots-m91425-p-17697.html"}}},{"_index":"de_content_201410","_type":"resourceQ","_id":"http://forum.mbc-marktschwaben.de/index.php?sid=1162ddcae0c841e67e2f1e15bbe97ffe","_score":1.0, "_source" : {"body":" MBC Markt Schwaben e.V. Herzlich Willkommen im Forum! Zum Inhalt Foren-Übersicht Ändere Schriftgröße FAQ Anmelden Aktuelle Zeit: Mittwoch 2. Juli 2014, 15:33 Dieses Board hat keine Foren. Anmelden Benutzername:  Passwort:  | Mich bei jedem Besuch automatisch anmelden Wer ist online? Insgesamt sind 2 Besucher online: 1 registrierter, 0 unsichtbare und 1 Gast (basierend auf den aktiven Besuchern der letzten 5 Minuten) Der Besucherrekord liegt bei 18 Besuchern, die am Dienstag 16. April 2013, 00:08 gleichzeitig online waren. Mitglieder: Alfred Legende: Administratoren, Globale Moderatoren Statistik Beiträge insgesamt: 8015 • Themen insgesamt: 1110 • Mitglieder insgesamt: 32 • Unser neuestes Mitglied: Thomas N. Foren-Übersicht Das Team • Alle Cookies des Boards löschen • Alle Zeiten sind UTC + 1 Stunde [ Sommerzeit ] Powered by phpBB® Forum Software © phpBB Group Deutsche Übersetzung durch phpBB.de ","title":"MBC Markt Schwaben e.V. • Foren-Übersicht","desc":null,"details":{"length":909,"language":"de","date":"2014/10/31 16:18:33","type":"application/xhtml+xml","country":""},"crawling":{"duration":"1","date":"2014/10/31 16:18:33"},"metas":[{"name":"resource-type","value":"document"},{"name":"distribution","value":"global"},{"name":"keywords","value":""},{"name":"description","value":""}],"uri":{"protocol":"http","domain":"de.mbc-marktschwaben.forum.","url":"http://forum.mbc-marktschwaben.de/index.php?sid=1162ddcae0c841e67e2f1e15bbe97ffe"}}},{"_index":"de_content_201410","_type":"resourceQ","_id":"http://z-stars.de/tag/crystal/?sid=8tus8a8noudapj3e6cpscfkhr8d9su6q","_score":1.0, "_source" : {"body":" Konto Konto Mein Konto Mein Merkzettel Mein Wunschzettel Sie haben Ihr Passwort vergessen? Kein Problem, hier können Sie ein neues Passwort einrichten. Ihre E-Mail-Adresse: Bitte Wert angeben! Bitte geben Sie eine gültige E-Mail-Adresse ein Passwort anfordern Nachdem Sie den 'Passwort anfordern'-Knopf angeklickt haben, schicken wir Ihnen eine E-Mail zu, mit der Sie Ihr Passwort ändern können. Sollten Sie innerhalb der nächsten Minuten KEINE E-Mail mit Ihren Zugangsdaten erhalten, so überprüfen Sie bitte: Haben Sie sich in unserem Shop bereits registriert? Wenn nicht, so tun Sie dies bitte einmalig im Rahmen des Bestellprozesses. Sie können dann selbst ein Passwort festlegen. Sobald Sie registriert sind, können Sie sich in Zukunft mit Ihrer E-Mail-Adresse und Ihrem Passwort einloggen. Wenn Sie sich sicher sind, dass Sie sich in unserem Shop bereits registriert haben, dann überprüfen Sie bitte, ob Sie sich bei der Eingabe Ihrer E-Mail-Adresse evtl. vertippt haben. Sollten Sie trotz korrekter E-Mail-Adresse und bereits bestehender Registrierung weiterhin Probleme mit dem Login haben und auch keine \"Passwort vergessen\"-E-Mail erhalten, so wenden Sie sich bitte per E-Mail an: shop@z-stars.de Anmelden Anmelden E-Mail-Adresse Passwort ? Passwort merken Anmelden Registrieren Startseite Hund Futtermittel Hundepflege Hundespielzeug Hundezubehör Katze Katzensnacks Katzenspielzeug Katzenpflege Katzenzubehör Pferd Für den Reiter Nahrungsergänzung Pflegeprodukte Insektenschutz Satteldecken Zubehör Putzzeug Lederpflege Geschenkartikel Angebote 2 2 Artikel im Warenkorb: 2 Welpenhappen, aus Rinderlunge, 150g 2,85 € Effol Refresh Gel, 500ml 12,50 € Gesamt 15,35 € Zur Kasse Warenkorb zeigen Neues Produkt wurde in den Warenkorb gelegt Welpenhappen, aus Rinderlunge, 150g 2,85 € Effol Refresh Gel, 500ml 12,50 € Gesamt 15,35 € Zur Kasse Warenkorb zeigen Suche Sie sind hier: /  Tags /  Crystal News Zusammenarbeit mit  EMIKO- EM Effektive Mikroorganismen ® : EM... Weiter MSM & Glucosamine  und  Teufelskralle flüssig   gibt es... Weiter Ab sofort haben wir neue exklusive Kardätschen mit Swarowski- Kristallen von Leistner in... Weiter Tags spielzeug schabracke pfiff parisol leine katze kardätsche haas kardätsche kanne brottrunk hunter hundespielzeug hunter hundespielzeug hundeleine hkm halsband haas effol effax dokas carnello Weiter... Crystal Sortierung: Wählen Titel Titel Preis Preis Artikel pro Seite: 10 10 20 50 100 Ansicht: Galerie zweispaltig Galerie zweispaltig Galerie Liste Produktdetails HKM Mähnengummis Crystal 5er Set Farbe: Variante wählen weiß bernstein 5,50 € mehr Info Newsletter Abonnieren * Alle Preise inkl. MwSt., zzgl. Versandkosten. SERVICE Kontakt Links Warenkorb Konto Merkzettel Mein Wunschzettel INFORMATIONEN Impressum AGB Datenschutz Versand und Kosten Widerrufsrecht Wie bestellen? Newsletter KATEGORIEN Hund Katze Pferd Angebote Z-Stars.de Onlineshop - Leckeres und Nützliches für Hund, Katze, Pferd und Reiter bequem online bestellen.  * inkl. MwSt., zzgl. Versandkosten ","title":"Z-Stars.de - Onlineshop | Crystal ","desc":"crystal - HKM Mähnengummis Crystal 5er Set","details":{"length":3021,"language":"de","date":"2014/10/31 16:18:33","type":"text/html","country":""},"crawling":{"duration":"1","date":"2014/10/31 16:18:33"},"metas":[{"name":"description","value":"crystal - HKM Mähnengummis Crystal 5er Set"},{"name":"keywords","value":"crystal, hkm, mähnengummis, 5er, set, besetzt, -"},{"name":"og:site_name","value":"http://www.z-stars.de/"},{"name":"fb:app_id","value":"163391480350356"},{"name":"og:title","value":"Z-Stars.de - Onlineshop | Crystal "},{"name":"og:type","value":"website"},{"name":"og:image","value":"http://www.z-stars.de/out/azure/img/basket.png"},{"name":"og:url","value":"http://www.z-stars.de/"}],"uri":{"protocol":"http","domain":"de.z-stars.","url":"http://z-stars.de/tag/crystal/?sid=8tus8a8noudapj3e6cpscfkhr8d9su6q"}}},{"_index":"de_content_201410","_type":"resourceQ","_id":"http://guenstiger-bekommen.de/leuchten/innenleuchten/tischleuchten/attribut/farbe-chrom-titan-weiss_satiniert-opal_satiniert-bunt-turkis/material-metall.html","_score":1.0, "_source" : {"body":" Startseite / Innenleuchten / Tischleuchten Tischleuchten Artikel 1 bis 30 von 33 gesamt Zeige 30 60 90 120 150 Alle pro Seite Seite: 1 2 Sortieren nach Name Preis Gewicht Hersteller Neu Best Sellers Am meisten angesehen - 28.1 % LED Tischleuchte türkis und chrom (3085799) 27,37 € - 35.1 % Tischleuchte aus Stoff, weiß, 1x A60, 53 W ES, E27, Durchmesser: 28.0cm 134,47 € - 29.4 % Blume \"Young Living\" chrom, weiß (3052523) 28,56 € - 31.8 % Dekorative Tischleuchte in chrom und orange (3087298) 17,85 € - 29.5 % Zeitlos elegante Tischleuchte in chrom und weiß (3028523) 73,78 € - 28.3 % Bunte Tischleuchte (3076261) 51,17 € - 28.1 % LED Tischleuchte violett und chrom (3085724) 27,37 € - 29.8 % Tischleuchte \"Metall-Stripes\" chrom (3072959) 277,27 € - 32.1 % LED Klemmleuchte weiß und chrom (3085823) 22,61 € - 31.8 % Dekorative Tischleuchte in chrom und grün (3087217) 17,85 € - 32.1 % Zylindrische Tischleuchte \"Classic\" chrom (3045804) 22,61 € - 32.1 % Tischleuchte \"Classic\" chrom, weiß (3045802) 22,61 € Studio Italia 125009 ROCK TA2 Tischleuchte in weiß 242,76 € - 30 % Metall-Tischleuchte braun, opal (3040714) 66,64 € Studio Italia 125007 ROCK TA Tischleuchte in weiß 420,07 € - 29.9 % Deko-Tischleuchte chrom, klar (3018142) 232,05 € Studio Italia 041027 MINIMANIA Tischleuchte in Chrom, Diffusor: braun glänzend 170,17 € - 4.6 % LED Tischleuchte, Chrom, 3x Luxeon Rebel, 1,2 W, 80 lm/W, Neutralweiß 247,52 € Studio Italia 041023 MINIMANIA Tischleuchte in Chrom, Diffusor: rot 170,17 € - 34.7 % Tischleuchte aus Stoff, weiß, 1x D45, 40 W, E14, Durchmesser: 18.0cm 111,86 € - 28.3 % Tischleuchte pink, chrom (3076219) 51,17 € - 29.5 % Tischleuchte \"Classic\" chrome (3055242) 73,78 € - 30.6 % Tischleuchte \"Scheinwerfer\" in chrom (3082542) 29,75 € - 32.1 % Stilvolle Tischleuchte \"Classic\" in chrom und weiß (3045805) 22,61 € - 32.1 % Kunstvoll verzierte Tischleuchte \"Classic\" in chrom und weiß (3045803) 22,61 € Studio Italia 125008 ROCK TA1 Tischleuchte in weiß 359,38 € Studio Italia 041031 MINIMANIA Tischleuchte in Nickel matt, Diffusor: weiß satiniert 170,17 € - 22.5 % LED Tischleuchte, Chrom, 3x Luxeon Rebel, 1,2 W, 60 lm/W, Warmweiß 201,11 € Studio Italia 041026 MINIMANIA Tischleuchte in Chrom, Diffusor: weiß satiniert 170,17 € - 28.1 % LED Tischleuchte weiß und chrom (3085723) 27,37 € Artikel 1 bis 30 von 33 gesamt Zeige 30 60 90 120 150 Alle pro Seite Seite: 1 2 Sortieren nach Name Preis Gewicht Hersteller Neu Best Sellers Am meisten angesehen * Die Preise verstehen sich inkl.19% MwSt. zzgl. Versandkosten. Kundenbewertungen von Trusted Shops: 4.89 / 5.00 bei 380 Bewertungen Tischleuchten Tischleuchten und Tischlampen – mit wenig Aufwand zu einer besonderen Beleuchtung Ein Raum erhält eine besondere Faszination, wenn er nicht nur durch eine einzelne Leuchte eine Grundbeleuchtung erhält, sondern wenn mehrere Lichtquellen mit unterschiedlicher Helligkeit und vielleicht auch mit verschiedenen Lichtfarben im Raum verteilt werden. Dann entsteht ein Zusammenspiel der unterschiedlichen Leuchten, welches die Wohnqualität verbessert und für Wärme und Gemütlichkeit sorgt. Tischlampen als besondere Accessoires ergänzen eine bestehende Lichtstimmung perfekt! Tischleuchten und Tischlampen vereinen viele gute Eigenschaften Da Tischlampen meist eher klein sind, sind sie in großen wie auch in kleinen Wohnungen gut einsetzbar. Ein weiterer Vorteil ist, dass Tischleuchten blitzschnell „installiert“ werden können – eine Steckdose in der Nähe, gegebenenfalls noch ein Verlängerungskabel, und schon kann man sich an der neuen Tischlampe erfreuen! Dank dieser Flexibilität bringen Tischlampen Licht immer genau dorthin, wo es benötigt wird. So sind Tischleuchten sehr vielseitig einsetzbar. Nachttischlampen Auf dem Nachttisch zum Beispiel schaffen Tischlampen ein warmes und gemütliches Licht. Schreibtischlampen Funktionelle Tischleuchten bzw. in diesem Fall Schreibtischleuchten bringen gezieltes, helles Licht an den Arbeitsplatz und sorgen dafür, dass die Konzentration gewährleistet ist und die Augen nicht ermüden. Auf einem Beistelltisch im Wohnraum schaffen Tischlampen Atmosphäre und ein gutes Licht zum lesen, und im Kinderzimmer sorgen Tischleuchten mit bunten Farben für gute Laune. Auch auf Möbelstücken platziert sehen kleine Tischlampen gut aus, zum Beispiel in einem Bücherregal oder auf einem eleganten Sideboard. Und im Fenster auf die Fensterbank gestellt verbreiten Tischleuchten nicht nur im Raum eine schöne Lichtstimmung, sondern strahlen auch nach draußen Licht ab und sorgen so für eine warmes „Willkommen“. Tischleuchten und Tischlampen für jeden Geschmack Es existiert eine so große Auswahl an Tischleuchten, dass es zu Beginn gar nicht so leicht erscheint, sich für die richtige Tischlampe zu entscheiden. Man sollte sich darum zuerst klar werden, wo die Tischlampe eingesetzt werden soll, und sich danach für das Design entscheiden. Benötigt man helles Licht zum Arbeiten, so sollte man sich für eine Tischleuchte entscheiden, die das Licht blendfrei nach unten abgibt. Natürlich gibt es auch unter funktionalen Tischlampen ausgefallene Varianten mit interessantem Design, zum Beispiel Tischleuchten mit einem edel verchromten Gestell. Tischleuchten mit einem mattierten Lampenschirm, wie zum Beispiel aus satiniertem Glas oder mit einem textilen Bezug, strahlen ein sehr weiches und indirektes Licht ab und eignen sich darum ideal für den Einsatz im Schlaf- oder Wohnzimmer. Tischlampen aus natürlichen Materialien wie Salzkristall oder Korb verbreiten sehr warmes Licht. Und Tischleuchten aus modernen Materialien wie Kunststoff sind in den unterschiedlichsten Formen erhältlich! Es gibt zum Beispiel Tischlampen in Form von stilisierten Pflanzen oder Tieren. Diese Tischleuchten eignen sich perfekt für Individualisten, die das Extravagante suchen - oder mit ihren fröhlichen Farben auch als Tischleuchte für das Kinderzimmer. Für jeden Wunsch findet sich somit bestimmt die passende Tischlampe! Interessante Artikel Decor Walther SQUARE 13 Deckenleuchte und Wandleuchte - nickel satiniert 155,89 € inkl. 19% MwSt., zzgl. Versandkosten Decor Walther BOX 1-10 Spiegelaufsteckleuchte - silber matt 141,61 € inkl. 19% MwSt., zzgl. Versandkosten Decor Walther CHIP-L LED 5 Watt Stehleuchte - chrom matt 734,23 € inkl. 19% MwSt., zzgl. Versandkosten Studio Italia 35001 Lancia AP1 Wandleuchte 595,00 € inkl. 19% MwSt., zzgl. Versandkosten AIXLIGHT KARDAFRAME WALL GU10 (154292) 28,10 € inkl. 19% MwSt., zzgl. Versandkosten ALTRA DICE WALL silbergrau/schwarz (151504) 22,66 € inkl. 19% MwSt., zzgl. Versandkosten TANI Wandleuchte R7s (147566) 33,62 € inkl. 19% MwSt., zzgl. Versandkosten MINI FRAME LED weiß (112711) 11,43 € inkl. 19% MwSt., zzgl. Versandkosten MINI FRAME LED warmweiß (112712) 11,43 € inkl. 19% MwSt., zzgl. Versandkosten TEC Strahler 1xQRB111 mit 3-Phasen Adapter silbergrau (153002) 45,05 € inkl. 19% MwSt., zzgl. Versandkosten YOKI SPOT ES111 inkl Decoring mit 3-Phasen Adapter silbergrau (153154) 45,05 € inkl. 19% MwSt., zzgl. Versandkosten TRUST 60 Außenleuchte aus Edelstahl (227962) 111,29 € inkl. 19% MwSt., zzgl. Versandkosten BRICK Downunder E14 silbergrau (229062) 16,96 € inkl. 19% MwSt., zzgl. Versandkosten DASAR 115 ADJUST runder Bodeneinbaustrahler IP67 (229320) 55,81 € inkl. 19% MwSt., zzgl. Versandkosten ROW 1 GU10 Downlight silbergrau (112561) 14,11 € inkl. 19% MwSt., zzgl. Versandkosten DIO FLEX PLATE mit warmweißer LED 1W chrom (146682) 39,00 € inkl. 19% MwSt., zzgl. Versandkosten QUADRASYL D Außenleuchte für Deckenmontage silbergrau (111131) 33,62 € inkl. 19% MwSt., zzgl. Versandkosten SOPRANA Stehleuchte SL-3 mit beigen Lampenschirm (155633) 111,29 € inkl. 19% MwSt., zzgl. Versandkosten NAUTILUS GX53 STAINLESS Außenstrahler aus Edelstahl (229730) 39,00 € inkl. 19% MwSt., zzgl. Versandkosten DASAR MODUL LED Bodenleuchte, rund, Edelstahl 316, für Philips LED Twistable Module (230160) 127,95 € inkl. 19% MwSt., zzgl. Versandkosten LED GU10 Leuchtmittel, 4W, SMD LED, 2700K, 40°, nicht dimmbar (551252) 9,96 € inkl. 19% MwSt., zzgl. Versandkosten Einkaufen nach Momentane Filter Farbe: bunt  , chrom  , opal satiniert  , titan  , türkis  , weiß satiniert  Material: Metall  Alles entfernen Einkaufsoptionen Hersteller Böhmer Leuchten (4) Näve Leuchten GmbH (22) Studio Italia Design (7) Lampensockel E14 (14) E27 (8) G4 (1) G9 (4) LED (6) Form Eckig (6) Länglich (23) Rund (18) Farbe aluminium gebürstet (1) amber (2) braun (4) bunt (1) chrom (23) creme (1) grau (1) metall blank (2) nickel satiniert (3) opal satiniert (2) orange (1) pink (3) rot (2) schwarz (6) silber (3) silbergrau (1) stahl (1) titan (2) transparent (1) türkis (1) violett (4) weiß (24) weiß satiniert (5) Preis 0,00 € - 100,00 € (20) 100,00 € - 200,00 € (7) 200,00 € - 300,00 € (5) 300,00 € - 400,00 € (1) 400,00 € - 500,00 € (1) IP Schutzklasse IP20 (10) IP21 (1) Material Acryl (3) Aluminium (2) Chrom (15) Folie (1) Glas (14) Kunstleder (1) Kunststoff (9) Metall (33) Nickel (1) Opalglas (5) Polystyrol (1) Stahl (6) Stoff (2) Textil (3) Textilleder (1) Stilrichtung Antik (2) Klassisch (5) Modern (24) Rustikal (2) Schlicht (2) Farbtemperatur 2000-3000 Kelvin (1) 3600-4500 Kelvin (1) Stromverbrauch 0.1 - 5 Watt (6) 6 - 10 Watt (1) 11 - 25 Watt (5) 26 - 50 Watt (16) 51 - 75 Watt (2) 76 - 100 Watt (1) 101 - 250 Watt (2) Art des Leuchtmittels Energiesparlampe (8) Halogen/Glühlampe (17) LED (6) Montageart Fuß (23) Klemm-Montage (3) Suche: Mein Warenkorb 0 Artikel Mein Benutzerkonto Mein Warenkorb Anmelden 13 Innenleuchten Aufbauleuchten Bilderleuchten Büroleuchten AIXLIGHT® PENDANT SYSTEM AIXLIGHT PRO Rasterleuchten Deckenleuchten Deckeneinbauleuchten Displayleuchten Downlight Einbauleuchten Kinderzimmerleuchten Klemmleuchten Natursteinleuchten Möbelleuchten Paneelen Pendelleuchten Schreibtischlampen Spiegelleuchten Stehleuchten Strahler & Spots Tischleuchten Unterbauleuchten Wandeinbauleuchten Wandleuchten Zubehör Außenleuchten Accessoires Windspiele beleuchtet Zierspieße Laternen Pflanzgefäße Bodeneinbauleuchten Bodeneinbaustrahler Deckenleuchten Deckenstrahler Displaystrahler Erdspießleuchten Hausnummerleuchten Kugelleuchten Mit Bewegungsmelder Leuchtenserien Lichtsegel Mastleuchten Natursteinleuchten Pyramidenleuchten Sockelleuchten Standleuchten Steckdosensäulen Steinleuchten Strahler Teichleuchten Wandleuchten Wandeinbauleuchten Wege- und Pollerleuchten Würfelleuchten Zubehör Zubehör Hauseingang Briefkästen Zeitungshalter Klingelplatten Hausnummern LED Aufbauleuchten Außenleuchten LED Bodeneinbau Deckeneinbauleuchten Deckenleuchten Downlights Erdspießleuchten Klemmleuchte Lichterketten Paneele Pendelleuchten RGB Stehleuchten Strahler LED Strips Tischleuchten Unterbauleuchten Wandleuchten Wandeinbauleuchten Zubehör Steuerungen Treiber / Netzteile Solar Camping-Leuchten Deko Solarleuchte Erdspiess LED Strahler Lichterketten Solaraußenleuchten Sonnenschirmleuchten Tierfiguren Tischleuchten Windräder Schienen- / Seilsysteme Hochvolt Easytec II® Adapter Stromschienen Einspeiser Verbinder Leuchten Zubehör 1-Phasen Stromschienensystem Stromschienen Einspeiser Verbinder Leuchten Zubehör 3-Phasen System Adapter Stromschienen Einspeiser Verbinder Leuchten Zubehör Niedervolt Apollo Glu Trax® Linux Light® silber grau Linux Light® chrom Seilsystem Wave Leuchtmittel Energiesparlampen Hochvolt Leuchtmittel Niedervolt Leuchtmittel Halogen Metalldampflampen Kompakt Leuchtstofflampen LED Leuchtmittel Leuchstoffröhren Zubehör elektronische Transformatoren konventionelle Trafos 12 Volt konventionelle Trafos 24 Volt elektronische Vorschaltgeräte Lichtsteuergeräte Dimmer Fassungen Ersatzteile Montagezubehör Neue Artikel Alle Shops Leuchten und Lampen Designleuchten Leuchtmittel Decor Walther Badaccessoires Hochwertige Grills Haustechnik Videoüberwachung und Alarmtechnik Cabrio Windschotts Car HiFi Lautsprecherbau ELA Technik Bühnen Lichttechnik Bühnen und DJ -Bedarf Kabel und Stecker Energie / Selbstbau Zahlungsarten Versand Über uns Bestellablauf Widerruf Haftungsausschluss Entsorgungsverordnungen AGB Datenschutz Impressum ","title":"Tischleuchten und Tischlampen günstig kaufen - Metall - chrom - titan - weiß satiniert - opal satiniert - bunt - türkis","desc":"Sie suchen Tischleuchten und Tischlampen? Riesige Auswahl an Tischleuchten und Tischlampen zu günstigen Preisen finden Sie bei guenstiger-bekommen.de","details":{"length":12040,"language":"de","date":"2014/10/31 16:18:34","type":"application/xhtml+xml","country":""},"crawling":{"duration":"1","date":"2014/10/31 16:18:34"},"metas":[{"name":"description","value":"Sie suchen Tischleuchten und Tischlampen? Riesige Auswahl an Tischleuchten und Tischlampen zu günstigen Preisen finden Sie bei guenstiger-bekommen.de"},{"name":"keywords","value":"Leuchten Lampen Innenleuchten Innenlampen Innenleuchten Tischleuchten"},{"name":"robots","value":"noindex, nofollow"}],"uri":{"protocol":"http","domain":"de.guenstiger-bekommen.","url":"http://guenstiger-bekommen.de/leuchten/innenleuchten/tischleuchten/attribut/farbe-chrom-titan-weiss_satiniert-opal_satiniert-bunt-turkis/material-metall.html"}}},{"_index":"de_content_201410","_type":"resourceQ","_id":"http://bllv-heim-regensburg.de/bilder/details.php?image_id=5022","_score":1.0, "_source" : {"body":"   Home /  2006 /  Salsa-Abend der BLLV-Studentengruppe / Salsa-Abend BLLV-Studentengruppe - 008   Zufallsbild Salsa-Abend BLLV-Studentengruppe - 008 Vorheriges Bild: Salsa-Abend BLLV-Studentengruppe - 007    Nächstes Bild: Salsa-Abend BLLV-Studentengruppe - 009     Template by rustynet.de Powered by 4images 1.7.6 Copyright © 2002 4homepages.de ","title":"Bildergalerie BLLV-Studentenwohnheim Regensburg","desc":null,"details":{"length":347,"language":"de","date":"2014/10/31 16:18:32","type":"text/html","country":""},"crawling":{"duration":"1","date":"2014/10/31 16:18:32"},"metas":[],"uri":{"protocol":"http","domain":"de.bllv-heim-regensburg.","url":"http://bllv-heim-regensburg.de/bilder/details.php?image_id=5022"}}},{"_index":"de_content_201410","_type":"resourceQ","_id":"http://vielfliegerforum.de/turkish-airlines-47/ausgerechnet-tuerken-387041/","_score":1.0, "_source" : {"body":" Kostenlos registrieren Hilfe Angemeldet bleiben? Forum Aktionen Alle Foren als gelesen markieren Nützliche Links Heutige Beiträge Beiträge letze 3 Tage Forum-Mitarbeiter anzeigen Neue Beiträge Aktivitäten Erweiterte Suche Forum Airlines Turkish Airlines Ausgerechnet die Türken Willkommen im Vielfliegerforum. Sie müssen sich registrieren um eigene Beiträge zu verfassen. Registrierten Benutzern stehen weitere Möglichkeiten zur Verfügung und sie können das Forum werbefrei nutzen. Bei Fragen zum Forum besuchen Sie die Hilfe-Seite oder Sie schreiben uns über das Kontaktformular eine Nachricht. + Antworten Seite 1 von 3 1 2 3 Letzte Gehe zu Seite: Ergebnis 1 bis 20 von 57 Ausgerechnet die Türken Dies ist eine Diskussion zu Ausgerechnet die Türken im Turkish Airlines Forum, Teil des Airlines Forums: Die besten Flüge mit Europas bester Airline Turkish Airlines wurde zum zweiten Mal infolge durch Skytrax als “Europas Beste Airline” ... Themen-Optionen Druckbare Version zeigen Thema weiterempfehlen… Thema abonnieren… Thema durchsuchen   Erweiterte Suche 23.12.2012 #1 Gast Ausgerechnet die Türken Die besten Flüge mit Europas bester Airline Turkish Airlines wurde zum zweiten Mal infolge durch Skytrax als “Europas Beste Airline” ausgezeichnet und ist weiterhin weltweit führend im Bereich Catering im Flugzeug. http://www.turkishairlines.com/de-de/ne ... er-airline Was sagen eigentlich die foreneigenen Kritiker des Islam und der Türken dazu? 23.12.2012 #2 dfw-sen Nach Verwarnungen für einige Tage verreist (User ist gesperrt) Beiträge 6.662 Vielflieger seit 21.07.2007 Airport / Standort IAH und HAM. Bye bye KUL. Re: Ausgerechnet die Türken Zitat von raksa Die besten Flüge mit Europas bester Airline Turkish Airlines wurde zum zweiten Mal infolge durch Skytrax als “Europas Beste Airline” ausgezeichnet und ist weiterhin weltweit führend im Bereich Catering im Flugzeug. http://www.turkishairlines.com/de-de/ne ... er-airline Was sagen eigentlich die foreneigenen Kritiker des Islam und der Türken dazu? Ich halt die Bewertung zumindest in der Business fuer richtig. Als sie mit den 9W 773 noch eine First angeboten haben, war diese sicherlich nicht spitze (gibt es die eigentlich noch in der TK Flotte? S 23.12.2012 #3 skywalkerLAX Diamond Member Beiträge 4.270 Vielflieger seit 18.08.2008 Airport / Standort Tokyo, Bangkok & Vancouver, BC Re: Ausgerechnet die Türken Zitat von dfw-sen Ich halt die Bewertung zumindest in der Business fuer richtig. Als sie mit den 9W 773 noch eine First angeboten haben, war diese sicherlich nicht spitze (gibt es die eigentlich noch in der TK Flotte? S Das ist doch dieselbe welche z.Zt. bei TG eingesetzt wird. Die mit den Suiten. Bordeaux-Rote Sitzpolster!? BA97 Flugstatistik http://www.ba97.com/ba97/calendar/re...e=skywalkerlax 23.12.2012 #4 dfw-sen Nach Verwarnungen für einige Tage verreist (User ist gesperrt) Beiträge 6.662 Vielflieger seit 21.07.2007 Airport / Standort IAH und HAM. Bye bye KUL. Re: Ausgerechnet die Türken Zitat von skywalkerLAX Das ist doch dieselbe welche z.Zt. bei TG eingesetzt wird. Die mit den Suiten. Bordeaux-Rote Sitzpolster!? Genau jene. Auch wenn ich kein grosser Fan von \"Suiten\" bin war der Sitz absolut OK. Nach meiner (beschraenkten) Erfahrung war TK jedoch etwas ueberfordert ein entsprechendes \"Soft Produkt\" anzubieten. S 23.12.2012 #5 Bommel Silver Member Beiträge 345 Vielflieger seit 12.02.2007 Re: Ausgerechnet die Türken Zitat von raksa Was sagen eigentlich die foreneigenen Kritiker des Islam und der Türken dazu? + Aber sonst ist alles an seinem Platz in deinem Oberstübchen? Die Flüge mit TK sind okay (sowohl Eco als auch Business), was aber gar nicht geht, das ist der Umstieg in IST: Chaos, schlechte Ausschilderung, pampiges Staff und man hat Glück, wenn das Gepäck ebenfalls den Anschlussflug findet. Und daher habe ich meine Zweifel am Wert der o.g. Auszeichnung. 23.12.2012 #6 A340 Diamond Member Beiträge 2.536 Vielflieger seit 06.02.2012 Airport / Standort HAJ Re: Ausgerechnet die Türken Das Catering ist schon nicht schlecht. Ab Biz dann auch noch mit einer Kochmütze serviert, Freundlichkeit, naja, es sei denn man ist ein türkisches Kind. Die Zubringerflüge in den alten 737 sind grauenhaft. flying is my passion, what else A 340 (23 Countries, 43 Airports, 21 Airlines) 23.12.2012 #7 Bali08 Diamond Member Beiträge 3.496 Vielflieger seit 04.01.2009 Airport / Standort HAM Re: Ausgerechnet die Türken Laut AERO International 1/13 werden auch in den Zubringerflügen ex D demnächst Köche eingesetzt. In Istanbul wird das Personal von DO&CO um mehrere Hundert Personen aufgestockt. 23.12.2012 #8 piperpilot Bronze Member Beiträge 238 Vielflieger seit 27.03.2008 Re: Ausgerechnet die Türken Der Koch im strahlend weißen Gewand wird sich nach jedem Flug in der 737 dann umziehen müssen. 23.12.2012 #9 Bali08 Diamond Member Beiträge 3.496 Vielflieger seit 04.01.2009 Airport / Standort HAM Re: Ausgerechnet die Türken Zitat von dfw-sen Als sie mit den 9W 773 noch eine First angeboten haben, war diese sicherlich nicht spitze (gibt es die eigentlich noch in der TK Flotte? S Die waren damals von Jet Airways ausgeliehen und wurden zurückgegeben, als TK eigene B777 übernommen hat. Die wurden dann mit C, Premium Eco und Eco bestuhlt. TG hat die Flieger dann von Jet angemietet, sie werden bekanntlich u.a. nach FRA und CDG eingesetzt. 23.12.2012 #10 A340 Diamond Member Beiträge 2.536 Vielflieger seit 06.02.2012 Airport / Standort HAJ Re: Ausgerechnet die Türken Zitat von Bali08 Laut AERO International 1/13 werden auch in den Zubringerflügen ex D demnächst Köche eingesetzt. In Istanbul wird das Personal von DO&CO um mehrere Hundert Personen aufgestockt. Senkt die Arbeitslosenrate ein wenig. flying is my passion, what else A 340 (23 Countries, 43 Airports, 21 Airlines) 23.12.2012 #11 A340 Diamond Member Beiträge 2.536 Vielflieger seit 06.02.2012 Airport / Standort HAJ Re: Ausgerechnet die Türken Zitat von piperpilot Der Koch im strahlend weißen Gewand wird sich nach jedem Flug in der 737 dann umziehen müssen. Wenn ich mich rchtig erinnere ist die Hose grau kariert. flying is my passion, what else A 340 (23 Countries, 43 Airports, 21 Airlines) 23.12.2012 #12 irma Platinum Member Beiträge 1.407 Vielflieger seit 11.10.2007 Re: Ausgerechnet die Türken Die Lounge in IST ist besser als alles, was ich unter der Bezeichnung Senatorlounge bisher erlebt habe. Im Flieger habe ich entgegen meinen sonstigen Gewohnheiten Fleisch gewählt; war absolut o.k. und dem Aggregatzustand \"kurzgebraten\" deutlich ähnlicher als die \"dampfgegarten\" Fleischhappen in anderen Fliegern. Dass \"ausgerechnet die Türken\" diese Qualitätssteigerung geschafft haben, ist erfreulich. Wie heißt es nochmal....Konkurrenz belebt das Geschäft 23.12.2012 #13 no_way_codeshares Platinum Member Beiträge 1.236 Vielflieger seit 01.02.2009 Re: Ausgerechnet die Türken Nach eigener, mehrfacher und aktueller Erfahrung: klares Jein! Das Essen und in immer mehr Maschinen auch die Bordunterhaltung auf Kurz- und Mittelstrecken, gerade und ausgerechnet in Economy rechtfertigen diese Auszeichnung auf jeden Fall! Bei der regionalen Business kommen zunehmend auch bessere Sitze als beim Wettbewerb hinzu. Und die Lounge in Istanbul gehört zu den allerbesten in Europa (vergleichbar nur noch T5 in LHR). Je länger der Flug dann dauert, desto mehr offenbaren sich dann doch noch etliche und gravierende Schwächen im Service, gerade in der Business: auffallend häufig defekte Sitzverstellung oder Unterhaltungselektronik, mitunter etwas desinteressierter Service, auffallend unwilliges Nachschenken von Wein... . Und die alte Businessbesstuhlung ist leider ebenso schlafunfreundlich wie bei LH. Wenn man dann mehrere Abschnitte kurz hintereinander absolviert hat, wiederholen sich die wesentlichen Bestandteile des wirklich guten Essens leider auch sehr schnell. Dazu kommt, wie schon von einem anderen Teilnehmer zu Recht erwähnt, die Unberechnenbarkeit von IST als Umsteigeflughafen mit spontanter Schlangenbildung, nach Lust und Laune geöffneten Fastlanes, ruppigem Sicherheitspersonal, häufigen Kofferverlusten und ständigen Verspätungen. Die Überschrift und den letzten Satz habe ich wahrscheinlich nicht richtig verstanden. Es wäre völlig gegen jegliche Erfahrung, wenn die Religion einer Mehrheit der Bevölkerung einen wesentlichen Einfluss auf die Serviceleistungen irgendeiner Airline hätte (obwohl Kirchenbänke und NEK schon Gemeinsamkeiten haben). Es gibt viele Airlines und viele Glaubensrichtungen in der Türkei, aber vielleicht war der Satz ja auch so gemeint. Ich habe in der Türkei schon viel Gastfreundschaft und perfekten Service in wirklichen Spitzenhotels erfahren, aber auch schon, wie scheinbar chaotische Abläufe trotzdem zu Ergebnissen führten, die in Deutschland so nie zu Stande gekommen wären und insofern ist TK ein guter Botschafter ihres Landes! 23.12.2012 #14 A340 Diamond Member Beiträge 2.536 Vielflieger seit 06.02.2012 Airport / Standort HAJ Re: Ausgerechnet die Türken Zitat von irma .Konkurrenz belebt das Geschäft Das ist durchaus richtig, trotzdem müssen die Türken dann noch viel tun, es ist ja häufig die Rede davon, dass das Gepäck nicht ankommt. Wer die Lounge nicht besuchen darf empfindet den Flughafen als langweilig und überteuert. Ein Direktflug ab D nach X ist weitaus angenehmer. flying is my passion, what else A 340 (23 Countries, 43 Airports, 21 Airlines) 23.12.2012 #15 reiner Platinum Member Beiträge 1.368 Vielflieger seit 16.09.2007 Re: Ausgerechnet die Türken Wenn man von DUS abfliegt hat man fast nie einen interkontinentalen Direktflug und umsteigen in FRA bereitet auch keine Freude. Bisher war ich mit meinen TK Flügen in C oder Y+ immer zufrieden, einzig der Service beim Boarding ist verbesserungsfähig. Hier konnte ich noch keine spezielle Fast Lane vorfinden und es sind oft Buszubringer zu den Flugzeugen. 23.12.2012 #16 A340 Diamond Member Beiträge 2.536 Vielflieger seit 06.02.2012 Airport / Standort HAJ Re: Ausgerechnet die Türken Zitat von reiner Wenn man von DUS abfliegt hat man fast nie einen interkontinentalen Direktflug und umsteigen in FRA bereitet auch keine Freude. Bisher war ich mit meinen TK Flügen in C oder Y+ immer zufrieden, einzig der Service beim Boarding ist verbesserungsfähig. Hier konnte ich noch keine spezielle Fast Lane vorfinden und es sind oft Buszubringer zu den Flugzeugen. Der Flug von DUS nach FRA dauert ja auch nur eine runde halbe Stunde, der Flug nach IST 3 Stunden wohl möglich in der alten 737. FRA oder MUC ist gegen IST schon etwas anderes wenn man in IST nicht die Lounge nutzen kann. flying is my passion, what else A 340 (23 Countries, 43 Airports, 21 Airlines) 23.12.2012 #17 reiner Platinum Member Beiträge 1.368 Vielflieger seit 16.09.2007 Re: Ausgerechnet die Türken Nein, meist mit einem A330 und richtigen C Sitzen. FRA ist zwar näher, aber dafür ist der Weiterflug ab IST aber kürzer, aber noch ausreichend lang, um noch richtig schlafen zu können. Lounge ist als SEN aber auch völlig problemlos. 23.12.2012 #18 A340 Diamond Member Beiträge 2.536 Vielflieger seit 06.02.2012 Airport / Standort HAJ Re: Ausgerechnet die Türken Zitat von reiner Lounge ist als SEN aber auch völlig problemlos. Das stimmt wohl, aber was ist mit denen die keinen Gold Status haben ? - langweilig. flying is my passion, what else A 340 (23 Countries, 43 Airports, 21 Airlines) 23.12.2012 #19 Gast Re: Ausgerechnet die Türken Zitat von no_way_codeshares ... Die Überschrift und den letzten Satz habe ich wahrscheinlich nicht richtig verstanden. Es wäre völlig gegen jegliche Erfahrung, wenn die Religion einer Mehrheit der Bevölkerung einen wesentlichen Einfluss auf die Serviceleistungen irgendeiner Airline hätte (obwohl Kirchenbänke und NEK schon Gemeinsamkeiten haben). Es gibt viele Airlines und viele Glaubensrichtungen in der Türkei, aber vielleicht war der Satz ja auch so gemeint. Ich habe in der Türkei schon viel Gastfreundschaft und perfekten Service in wirklichen Spitzenhotels erfahren, aber auch schon, wie scheinbar chaotische Abläufe trotzdem zu Ergebnissen führten, die in Deutschland so nie zu Stande gekommen wären und insofern ist TK ein guter Botschafter ihres Landes! Eine große Anzahl xenophober Voristen hat Probleme mit Türken, Arabern und Muslimen. Sei es in Neukölln, Duisburg oder bei TK, EK, EY, QR. 24.12.2012 #20 Bali08 Diamond Member Beiträge 3.496 Vielflieger seit 04.01.2009 Airport / Standort HAM Re: Ausgerechnet die Türken Zitat von irma Im Flieger habe ich entgegen meinen sonstigen Gewohnheiten Fleisch gewählt; war absolut o.k. und dem Aggregatzustand \"kurzgebraten\" deutlich ähnlicher als die \"dampfgegarten\" Fleischhappen in anderen Fliegern. Dass \"ausgerechnet die Türken\" diese Qualitätssteigerung geschafft haben, ist erfreulich. Wie heißt es nochmal....Konkurrenz belebt das Geschäft Ich finde es auch gut, dass sie sich mit DO&CO einen österreichischen Caterer genommen haben, und nicht nach der Devise rumwurschteln \"wir kriegen das auch alleine hin\". + Antworten Seite 1 von 3 1 2 3 Letzte Gehe zu Seite: « Valentines Special 2013 | Megabestellung TK!! » Ähnliche Themen Ausgerechnet die Chinesen Von im Forum Alle Alles Antworten: 0 Letzter Beitrag: 07.01.2013, 11:49 Luther und die Türken Von halk im Forum Alle Alles Antworten: 1 Letzter Beitrag: 01.06.2012, 09:42 Empfehlen & teilen Sie diese Seite Empfehlen & teilen Sie diese Seite Facebook Twitter Google Berechtigungen Neue Themen erstellen: Nein Themen beantworten: Nein Anhänge hochladen: Nein Beiträge bearbeiten: Nein   BB-Code ist an. Smileys sind an. [IMG] Code ist an. [VIDEO] Code ist an. HTML-Code ist aus. Foren-Regeln -- Desktop Vielfliegerforum Style v.2 -- Desktop Vielfliegerforum Style v.1 -- Standard Mobile Style ---- Mobile/Tablet Vielfliegerforum Style Kontakt Vielfliegerforum Archiv Impressum Datenschutz Nutzungsbedignungen Foren-Regeln Nach oben BCD Travel ist Mitglied im Deutschen Reiseverband. Das Vielfliegerforum wird Klimaneutral gehostet BCD Travel ist Mitglied der International Air Transport Association. Vielfliegerforum – das Drehkreuz für Meilenjäger und Vielreisende Das Vielfliegerforum gibt Tipps und beantwortet Fragen rund ums Fliegen und Reisen. Alle Zeitangaben in WEZ +1. Es ist jetzt 19:31 Uhr. Search Engine Friendly URLs by vBSEO 3.6.1 1 2 3 4 5 6 7 8 9 10 11 12 13 14 15 16 17 18 19 20 21 22 23 24 25 26 27 28 29 30 31 32 33 34 35 36 37 38 39 40 41 42 43 44 45 46 47 48 49 50 51 52 53 54 55 56 57 58 59 60 61 62 63 64 65 66 67 68 69 70 71 72 73 74 75 76 77 ","title":" Ausgerechnet die Türken | vielfliegerforum","desc":"Die besten Flüge mit Europas bester Airline Turkish Airlines wurde zum zweiten Mal infolge durch Skytrax als “Europas Beste Airline” ausgezeichnet und","details":{"length":14488,"language":"de","date":"2014/10/31 16:18:34","type":"application/xhtml+xml","country":""},"crawling":{"duration":"1","date":"2014/10/31 16:18:34"},"metas":[{"name":"vb_meta_bburl","value":"http://www.vielfliegerforum.de"},{"name":"fb:app_id","value":"461441820598734"},{"name":"og:site_name","value":"Vielfliegerforum – das Drehkreuz für Meilenjäger und Vielreisende"},{"name":"og:description","value":"Die besten Flüge mit Europas bester Airline Turkish Airlines wurde zum zweiten Mal infolge durch Skytrax als “Europas Beste Airline” ausgezeichnet und "},{"name":"og:url","value":"http://www.vielfliegerforum.de/turkish-airlines-47/ausgerechnet-tuerken-387041/"},{"name":"og:type","value":"article"},{"name":"description","value":"Die besten Flüge mit Europas bester Airline Turkish Airlines wurde zum zweiten Mal infolge durch Skytrax als “Europas Beste Airline” ausgezeichnet und "}],"uri":{"protocol":"http","domain":"de.vielfliegerforum.","url":"http://vielfliegerforum.de/turkish-airlines-47/ausgerechnet-tuerken-387041/"}}},{"_index":"de_content_201410","_type":"resourceQ","_id":"http://sporttreffer.de/forum/viewtopic.php?f=18&sid=049c95c1ab61357e415653d14c7756f1&start=0&t=21237&view=print","_score":1.0, "_source" : {"body":" Community von kick-dieburg.de, rodgaufussball.de, regionalerfussball.de und verbandsliga-sued.de http://www.sporttreffer.de/forum/ B-Juniorenspieler gesucht http://www.sporttreffer.de/forum/viewtopic.php?f=18&t=21237 Seite 1 von 1 Autor:  SVKickersFM [ 16.06.2010, 08:26 ] Betreff des Beitrags:  B-Juniorenspieler gesucht Die JSG Hergershausen/Sickenhofen sucht zur Verstärkung der B-Juniorenmannschaft für die kommende Saison noch Spieler des Jahrgangs 94/95. Du bist fußballbegeistert und hast keine Spielmöglichkeit in Deinem Verein oder hast vielleicht eine Spielpause eingelegt und möchtest wieder mit Fußball beginnen, dann kannst Du Dich gerne bei Thomas Gehringer 0151 / 50 76 73 40 oder jugend@svkickers.de melden. Natürlich sind auch alle anderen Altersklassen herzlich Willkommen und können sich ebenfalls mit uns in Verbindung setzen. Seite 1 von 1 Alle Zeiten sind UTC + 1 Stunde [ Sommerzeit ] Powered by phpBB © 2000, 2002, 2005, 2007 phpBB Group http://www.phpbb.com/ ","title":"Community von kick-dieburg.de, rodgaufussball.de, regionalerfussball.de und verbandsliga-sued.de :: Thema anzeigen - B-Juniorenspieler gesucht","desc":null,"details":{"length":985,"language":"de","date":"2014/10/31 16:18:33","type":"text/html","country":""},"crawling":{"duration":"1","date":"2014/10/31 16:18:33"},"metas":[],"uri":{"protocol":"http","domain":"de.sporttreffer.","url":"http://sporttreffer.de/forum/viewtopic.php?f=18&sid=049c95c1ab61357e415653d14c7756f1&start=0&t=21237&view=print"}}},{"_index":"de_content_201410","_type":"resourceQ","_id":"http://fabs.spdns.de/forum/ucp.php?mode=delete_cookies&sid=f8dd5556aa2f160afab563436a472a14","_score":1.0, "_source" : {"body":" Forum @ fabs.spdns.de Private forum hosted for non commercial purposes Zum Inhalt Erweiterte Suche Foren-Übersicht Ändere Schriftgröße FAQ Registrieren Anmelden Alle Cookies des Boards löschen Bist du dir sicher, dass du alle Cookies des Boards löschen möchtest?   Foren-Übersicht Das Team • Alle Cookies des Boards löschen • Alle Zeiten sind UTC + 1 Stunde [ Sommerzeit ] POWERED_BY Deutsche Übersetzung durch phpBB.de ","title":"Forum @ fabs.spdns.de • Persönlicher Bereich • Alle Cookies des Boards löschen","desc":null,"details":{"length":421,"language":"de","date":"2014/10/31 16:18:34","type":"application/xhtml+xml","country":""},"crawling":{"duration":"1","date":"2014/10/31 16:18:34"},"metas":[{"name":"resource-type","value":"document"},{"name":"distribution","value":"global"},{"name":"keywords","value":""},{"name":"description","value":""}],"uri":{"protocol":"http","domain":"de.spdns.fabs.","url":"http://fabs.spdns.de/forum/ucp.php?mode=delete_cookies&sid=f8dd5556aa2f160afab563436a472a14"}}},{"_index":"de_content_201410","_type":"resourceQ","_id":"http://baffy-scorpion.de/index.php/selbstunterhalter-musik-unterhalter/?month=may&yr=2014","_score":1.0, "_source" : {"body":" Alleinunterhalter Hörproben Demo Band Kontakt Services Über mich Archiv Galerie Unterhaltung Aachen » « Schaltjahr 2012 Selbstunterhalter Publiziert 1. Januar 2012 | Von Dirk Gier Selbstunterhalter für Feierlichkeiten Festlichkeiten und Veranstaltungen Alleinunterhalter, DJ, oder aber Künstler, die ein Soloprogramm bieten, werden nicht selten auch als  Selbstunterhalter bezeichnet. Auch wenn diese Musiker-Bezeichnung nicht gerade häufig vorkommt, hat sie eine Daseinsberechtigung. So sorgen Selbstunterhalter auf Feierlichkeiten, Festlichkeiten und Veranstaltungen für die nötige Stimmung, Ihre Gäste und das Publikum zu unterhalten und zwar alleine und selbst. Auch ich bin ein Unterhalter dieser Unterhaltungsform mit live Musik, DJ und Elvis Show. So ist es mir im Grunde genommen völlig egal wie mich meine Kunden nennen, die nach Unterhalter im Netz suchen, entweder Alleinunterhalter oder Selbstunterhalter, der Fokus dabei liegt immer auf dem Wort \"Unterhalter\". Und genau dies ist meine Tätigkeit als Musiker aus NRW. Dirk Gier Dirk Gier Auf meiner Homepage erfahren Sie alles über meine Tätigkeit als Musiker aus NRW, sowie stets aktuelle Informationen aus der Musik- und Unterhaltungs- Branche. Ob Empfehlungen Tipps oder Informationen zu Veranstaltungen und Künstlern, Baffy Scorpion Entertainment hält Sie auf dem Laufenden. Wenn Sie Fragen oder Anregungen zu einem Artikel oder Thema haben, dann nutzen Sie doch bitte einfach die untere Kommentar-Funktion, oder kontaktieren Sie mich zwecks Infos zu Preisen für einen Auftritt per Mail an dirkgier@o2online.de oder telefonisch unter Festnetz: 0241-4507894 und Mobil: 0179-9460888. Ich freue mich auf Sie.         Ähnliche Artikel Einzelunterhalter Partyunterhalter Unterhaltung Aachen Musikunterhaltung Mönchengladbach Schlager DJ Ein Mann Unterhalter DJ München buchen Musik Unterhaltung Rockabilly Band Künstler Köln Eingehende Suchanfragen: selbstunterhalter (10) Veröffentlicht unter Aachen, Aktuell, Aktuelles aus Aachen, Alleinunterhalter, Alleinunterhalter Aachen, Alleinunterhalter Koeln, Alleinunterhaltung, Auftritt, Business, Deutschland, DJ, Elvis Imitator, Empfehlung, Entertainer, Entertainment, Euregio, Event, Eventagentur, Eventplanung, feiern, Freizeit, Info, Künslervermittlung, Künstler, Künstleragentur, Musik, Musik Portal, Musiker, Nachrichten, News, NRW, Partys, Partyservice, Präsentation, Regional, Show, Stars und Sternchen, Tanz, Unterhaltung, Veranstaltung, Veranstaltungen Aachen, Veranstaltungsservice, vorgestellt | Verschlagwortet mit Alleinunterhalter, DJ, feierlichkeiten, festlichkeiten, Künstler, Musiker, selbst, selbst-unterhalte-r, selbst-unterhalter, selbstunterhalter, selbstunterhalter-koln, soloprogramm, unterhalter, Unterhaltung, veranstaltungen Hinterlasse eine Antwort Antworten abbrechen Deine E-Mail-Adresse wird nicht veröffentlicht. Erforderliche Felder sind markiert * Name * E-Mail * Website Kommentar Du kannst folgende HTML-Tags benutzen: <a href=\"\" title=\"\"> <abbr title=\"\"> <acronym title=\"\"> <b> <blockquote cite=\"\"> <cite> <code> <del datetime=\"\"> <em> <i> <q cite=\"\"> <strike> <strong> Alleinunterhalter Hörproben Demo Band Kontakt Services Über mich Archiv Galerie Demosongs Here is the Music Player. You need to installl flash player to show this cool thing! Auftritte öffentl. « May 2014 » Mo Tu We Th Fr Sa Su       1 2 3 4 5 6 7 8 9 10 11 12 13 14 15 16 17 18 19 20 21 22 23 24 25 26 27 28 29 30 31   Calendar by Kieran O'Shea Nachrichten WM Finale Tipp Schlagersängerin aktuelle CD Smart Home Systeme Public Viewing Aachen Alleinunterhalter Hamburg buchen Penguin Panda Update 2014 DJ Gagen Facebook Störung Fronleichnam Weinfest Würselen Webradio Bremen Bügelmotive Paul Janke WM Song Bilder hochladen kostenlos Benefiz Veranstaltung Künstler Oldtimer Rallye AKV 2014 Baffy Facebook Kontakt Alleinunterhalter, Elvis Imitator, DJ Haben Sie noch weiter gehende Fragen zu meinem Service? - ich bin sofort für Sie da: Tel.: 0241 / 4507894 Mobil: 0179 / 9460888 Mail: dirkgier@o2online.de oder nutzen Sie mein Kontaktformular für Ihre Anfrage. Service von stadtbranchenbuch.com Party Duo Auszeichnung Elvis live Show TOP Artikel Live Band buchen Musik Duo Show Unterhaltung Künstler buchen Beschallung Lichttechnik Veranstaltungstechnik Party Duo buchen Entertainer buchen Alleinunterhalter Hochzeit Alleinunterhalter Aachen Party Musik Catering Partyservice Aachen Blogroll angelsport-news Dj Aachen DJ Berlin DJ München Elvis Imitator Free SMS Hankel Entertainment house Charts Kosmetiksalon Aachen Medien Panorama Messedienstleistung mobil-etrade.de Promotion Agentur SEO Wandtattoo Wordpress-bloggen Zauberer NRW Zauberer Zauberkünstler Berlin Random Search Terms geburtstags durchsage sprüche aleinunterhalter jakobshof elysee mikrofone mit glitzer kinderfest nrw willy nloafggw@brasei de loc:DE ulla xma@btcom de bilder von einem 11 jährigen jungen schuss-fels@jugend-wacht de loc:DE sing you tube meinen song xavier naidoo facebook liebes smileys wo kann man grillen in kreis aachen open air bühne rund einzelunterhalter wo kann ich the one runterladen Magic Sing Et 9000 franziska ihgennn@mudjaheddin de loc:DE vermisste personen in oberoesterreich the dome 2012 theresa laubscher Archiv Wähle den Monat Juli 2014  (2) Juni 2014  (17) Mai 2014  (24) April 2014  (9) März 2014  (4) Februar 2014  (4) Januar 2014  (6) Dezember 2013  (1) November 2013  (4) Oktober 2013  (17) September 2013  (6) August 2013  (16) Juli 2013  (40) Juni 2013  (83) Mai 2013  (51) April 2013  (42) März 2013  (32) Februar 2013  (20) Januar 2013  (28) Dezember 2012  (23) November 2012  (22) Oktober 2012  (23) September 2012  (10) August 2012  (34) Juli 2012  (31) Juni 2012  (63) Mai 2012  (94) April 2012  (65) März 2012  (57) Februar 2012  (30) Januar 2012  (40) Dezember 2011  (50) November 2011  (47) Oktober 2011  (43) September 2011  (32) August 2011  (40) Juli 2011  (15) Juni 2011  (42) Mai 2011  (79) April 2011  (97) März 2011  (63) Februar 2011  (41) Januar 2011  (64) Dezember 2010  (76) November 2010  (59) Oktober 2010  (37) September 2010  (54) August 2010  (58) Juli 2010  (30) Juni 2010  (10) Mai 2010  (19) April 2010  (13) März 2010  (23) Februar 2010  (12) Januar 2010  (13) Dezember 2009  (17) November 2009  (9) Oktober 2009  (2) September 2009  (3) August 2009  (2) Juli 2009  (10) Juni 2009  (1) Schlagwörter Aachen Alleinunterhalter Auftritt auftritte band buchen cd Deutschland DJ Elvis Imitator elvis show Entertainer Entertainment Event events feiern Geburtstag Gewinner Hochzeit Hochzeiten Karneval Köln Künstler live Live Musik Moderator Musik Musiker Niederlande NRW Party preis preise programm raum aachen Region RTL show songs Stimmung sänger Unterhaltung veranstaltung veranstaltungen Video Meta Anmelden Beitrags-Feed ( RSS) Kommentare als RSS WordPress.org Live Besucher Zurück zur Startseite | Kontakt | Impressum Designed by Dirk Gier.   ","title":"Selbstunterhalter","desc":"Selbstunterhalter für Feierlichkeiten Festlichkeiten und Veranstaltungen - Alleinunterhalter, DJ, Unterhalter und Musiker aus NRW","details":{"length":6893,"language":"de","date":"2014/10/31 16:18:34","type":"text/html","country":""},"crawling":{"duration":"1","date":"2014/10/31 16:18:34"},"metas":[{"name":"description","value":"Selbstunterhalter für Feierlichkeiten Festlichkeiten und Veranstaltungen - Alleinunterhalter, DJ, Unterhalter und Musiker aus NRW"},{"name":"keywords","value":"selbstunterhalter,unterhalter,alleinunterhalter,selbst,unterhaltung,feierlichkeiten,festlichkeiten,veranstaltungen,dj,künstler,soloprogramm,musiker, "},{"name":"viewport","value":"initial-scale = 1.0, maximum-scale = 1.0, user-scalable = no, width = device-width"},{"name":"shareaholic:site_name","value":"Alleinunterhalter, DJ, Elvis Imitator, Musiker, Entertainer, Musikduo, Partyservice, aus Aachen, Koeln, » fuer » NRW, Deutschland"},{"name":"shareaholic:language","value":"de-DE"},{"name":"shareaholic:url","value":"http://www.baffy-scorpion.de/index.php/selbstunterhalter-musik-unterhalter/"},{"name":"shareaholic:keywords","value":"alleinunterhalter, dj, feierlichkeiten, festlichkeiten, künstler, musiker, selbst, selbst-unterhalte-r, selbst-unterhalter, selbstunterhalter, selbstunterhalter-koln, soloprogramm, unterhalter, unterhaltung, veranstaltungen, aachen, aktuell, aktuelles aus aachen, alleinunterhalter aachen, alleinunterhalter koeln, alleinunterhaltung, auftritt, business, deutschland, elvis imitator, empfehlung, entertainer, entertainment, euregio, event, eventagentur, eventplanung, feiern, freizeit, info, künslervermittlung, künstleragentur, musik, musik portal, nachrichten, news, nrw, partys, partyservice, präsentation, regional, show, stars und sternchen, tanz, veranstaltung, veranstaltungen aachen, veranstaltungsservice, vorgestellt"},{"name":"shareaholic:article_published_time","value":"2012-01-01T18:55:43+01:00"},{"name":"shareaholic:article_modified_time","value":"2014-07-04T23:06:19+02:00"},{"name":"shareaholic:article_author_name","value":"Dirk Gier"},{"name":"shareaholic:site_id","value":"403845bb7f44bd72952d0b335ac72250"},{"name":"shareaholic:wp_version","value":"7.4.0.5"},{"name":"shareaholic:image","value":"http://www.baffy-scorpion.de/wp-content/uploads/Scorpion-300x91.jpg"},{"name":"og:image","value":"http://www.baffy-scorpion.de/wp-content/uploads/Scorpion-300x91.jpg"},{"name":"og:image","value":"http://www.baffy-scorpion.de/wp-content/uploads/Scorpion-300x91.jpg"},{"name":"og:title","value":"Selbstunterhalter"},{"name":"og:url","value":"http://www.baffy-scorpion.de/index.php/selbstunterhalter-musik-unterhalter/"},{"name":"og:site_name","value":"Alleinunterhalter, DJ, Elvis Imitator, Musiker, Entertainer, Musikduo, Partyservice, aus Aachen, Koeln, » fuer » NRW, Deutschland"},{"name":"og:description","value":"Selbstunterhalter für Feierlichkeiten Festlichkeiten und Veranstaltungen Alleinunterhalter, DJ, oder aber Künstler, die ein Soloprogramm bieten, werden nicht selten auch als  Selbstunterhalter bezeichnet. Auch wenn diese Musiker-Bezeichnung nicht gerade häufig vorkommt, hat ..."},{"name":"og:type","value":"article"}],"uri":{"protocol":"http","domain":"de.baffy-scorpion.","url":"http://baffy-scorpion.de/index.php/selbstunterhalter-musik-unterhalter/?month=may&yr=2014"}}},{"_index":"de_content_201410","_type":"resourceQ","_id":"http://teak24.de/shop/index/category/esstische_55.213.261/sed/keqftfw54phmcc1dpgdjsuhnwrw2et4cyhieme_ege","_score":1.0, "_source" : {"body":" FILIALEN     NEWSLETTER     KONTAKT     LOGIN   KASSE   WARENKORB Gartenmöbel Gartentische Ausziehtische Bistrotische Klapptische Beistelltische Stehtische Tische mit Geflecht Unikate & Einzelstücke Unikate & Einzelstücke Gartenbänke Gartenbänke klassisch Gartenbänke klappbar Gartenbänke ohne Rückenlehne Gartenbänke mit Geflecht Gartensessel & Gartenstühle Gartensessel & -Stühle klassisch Hochlehner Freischwinger Gartenstühle & -Sessel klappbar Gartensessel stapelbar Polyrattansessel & -Stühle Gartenhocker Garten-Sitzgruppen Garten-Sitzgruppen Gartenliegen & Deckchairs Gartenliegen Deckchairs Loungemöbel & Sofas Sitzgruppen Sofas Innara Serie Kinderwelt Kinderwelt Strandkörbe Strandkörbe Sonnenschirme & -Ständer Sonnenschirme Schirmständer Kissenboxen Kissenboxen Auflagen & Kissen Stühle & Sessel Liegen & Deckchairs Tischdecken & -Läufer Bankauflagen Kissenboxen Accessoires & Zubehör Accessoires Pflegemittel FSC Teakmöbel Gartenmöbel Gartenmöbel Innenmöbel Innenmöbel Versandmöbel Gartentische Gartentische Gartenbänke Gartenbänke Gartenstühle & -Sessel Gartenstühle & -Sessel Gartenliegen & Deckchairs Gartenliegen & Deckchairs Kissenboxen Kissenboxen Auflagen & Kissen Bankauflagen Stühle & Sessel Liegen & Deckchairs Tischdecken & -Läufer Kissenboxen Zubehör & Pflegemittel Zubehör & Pflegemittel Innenmöbel Innenmöbel Innenmöbel Tische Esstische Couchtische Bartische Wandtische Unikate & Einzelstücke Unikate & Einzelstücke Sessel & Stühle Geflechtsessel & -Stühle Teaksessel & -Stühle Freischwinger Polstersessel & -Stühle Bänke & Hocker Bänke & Hocker Möbelserien Barcelos Coruna Delhi Gusto Himalaya Kalkutta Premiere Santana Venus Schränke & Kommoden Highboards Vitrinen Kommoden Regale TV-Möbel Kleinmöbel Kleiderschränke Ledermöbel Echtleder Lederoptik Kinderwelt Kinderwelt Auflagen & Kissen Auflagen & Kissen Accessoires & Zubehör Accessoires Pflegemittel Angebote Suche Wir über uns Unser Unternehmen Filialen Objekteinrichtung & Eventausstattung Firmenvideo Katalog Download Pflegefibel Download FSC-Zertifizierung Verbraucherinfo Kundenrezensionen Aktuelles Gartenmöbel FSC Teakmöbel Versandmöbel Innenmöbel Tische Esstische Couchtische Bartische Wandtische Unikate & Einzelstücke Sessel & Stühle Bänke & Hocker Möbelserien Schränke & Kommoden Ledermöbel Kinderwelt Auflagen & Kissen Accessoires & Zubehör Angebot der Woche Geflecht Sessel Sapporo, java Preis: € 129,00 inkl. 19% MwSt. zzgl. Versand/Gebühren Mehr Infos Teak24 bei Facebook Shopsoftware sX-Shop Innenmöbel »Tische »Esstische sortieren nach Artikelname Preis aufsteigend Preis absteigend Mosaiktisch Ischia aus Mamor und Eisen, rund 122 cm Preis: € 549,00 inkl. 19% MwSt. zzgl. Versand/Gebühren Artikel vorrätig Abholung nach Absprache auch in den Filialen möglich Teak Gartentisch Antwerpen, rustikal, 200x105cm Preis: € 1.549,00 inkl. 19% MwSt. zzgl. Versand/Gebühren Artikel vorrätig Abholung nach Absprache auch in den Filialen möglich Sheesham Esstisch Kalkutta Preis: € 449,00 inkl. 19% MwSt. zzgl. Versand/Gebühren Artikel vorrätig Abholung nach Absprache auch in den Filialen möglich Teak Ausziehtisch Barcelona, 160/240 x 100 cm Preis: € 999,00 inkl. 19% MwSt. zzgl. Versand/Gebühren Artikel vorrätig Abholung nach Absprache auch in den Filialen möglich Teak Esstisch Delft, 160 x 90 cm Preis: € 799,00 inkl. 19% MwSt. zzgl. Versand/Gebühren Artikel vorrätig Abholung nach Absprache auch in den Filialen möglich Teak Esstisch Delft, 190 x 100 cm Preis: € 899,00 inkl. 19% MwSt. zzgl. Versand/Gebühren Artikel vorrätig Abholung nach Absprache auch in den Filialen möglich Teak Esstisch Delft, ausziehbar, 150/230 x 90 cm Preis: € 999,00 inkl. 19% MwSt. zzgl. Versand/Gebühren Artikel vorrätig Abholung nach Absprache auch in den Filialen möglich Teak Esstisch Delft, ausziehbar, 180/270 x 100 cm Preis: € 1.149,00 inkl. 19% MwSt. zzgl. Versand/Gebühren Artikel vorrätig Abholung nach Absprache auch in den Filialen möglich Teak Esstisch Delft, ausziehbar, 200/300 x 100 cm Preis: € 1.299,00 inkl. 19% MwSt. zzgl. Versand/Gebühren Artikel vorrätig Abholung nach Absprache auch in den Filialen möglich Teak Esstisch Rossa, 200 x 100 cm, grau gewischt Preis: € 599,00 inkl. 19% MwSt. zzgl. Versand/Gebühren Artikel vorrätig Abholung nach Absprache auch in den Filialen möglich Seite:  1  2  3    weiter » Artikel pro Seite: 5  10  25  50  75  Unser Unternehmen     Filialen     Firmenvideo     Katalog Download     Pflegefibel Download     FSC-Zertifizierung     Verbraucherinfo     Lieferservice     Versandkosten/Gebühren     Widerruf     Impressum     AGB     Datenschutz     ","title":"Teak Esstische - Seite 1","desc":"Teak24 bietet Ihnen Teak Gartenmöbel, wie z.B. Gartenbank und Gartentisch, sowie Teakholz Möbel und viele Rattanmöbel zur Abholung oder online Bestellung","details":{"length":4580,"language":"de","date":"2014/10/31 16:18:33","type":"text/html","country":""},"crawling":{"duration":"1","date":"2014/10/31 16:18:33"},"metas":[{"name":"description","value":"Teak24 bietet Ihnen Teak Gartenmöbel, wie z.B. Gartenbank und Gartentisch, sowie Teakholz Möbel und viele Rattanmöbel zur Abholung oder online Bestellung"},{"name":"keywords","value":"Teak Gartenbank, Teakholz Gartentisch, Teakmöbel, Teakgartenmöbel, Möbel aus Teakholz,Gartenmöbel aus Polyrattan, Geflechtmöbel, Loungegruppen, Ledersessel,"},{"name":"robots","value":"index,follow"},{"name":"revisit-after","value":"14"},{"name":"author","value":"Source WorX - Software Development"}],"uri":{"protocol":"http","domain":"de.teak24.","url":"http://teak24.de/shop/index/category/esstische_55.213.261/sed/keqftfw54phmcc1dpgdjsuhnwrw2et4cyhieme_ege"}}},{"_index":"de_content_201410","_type":"resourceQ","_id":"http://steptext.de/virthos.php?-ck=1404058531&-cod=6ffd1caa74&-met=vtview&-pg=103&-ses=1713525","_score":1.0, "_source" : {"body":" DEU| ENG Helge Letonja Augusto Jaramillo Pineda Günther Grollitsch PRODUKTIONEN INTERAKTIONEN VIDEOS PROFIL & TEAM PARTNER PRESSEINFO SERVICE INTERAKTIONEN INTERAKTIONEN > AFRICTIONS - captured by dance > Street Art Project – Allowed to play > tanzbar_bremen > young artists > dancing roads > eigenARTig > zuhause.anderswo > Xtra Frei > KoresponDance Europe > The Artificial Nature Project steptext dance project initiiert, gestaltet und etabliert Kooperationen, Arbeitsstrukturen, Weiterbildungs- und Präsentationsformate. Zusammen mit städtischen, regionalen und internationalen Partnern erschließt steptext dem Tanz Entfaltungsräume und Bühnen. Im In- und Ausland, in Bremen und in der Schwankhalle. Für professionell Tanzschaffende und jugendliche Tanztheaterbegeisterte, für Tanzkünstler mit und ohne Beeinträchtigung, für international renommierte Ensembles und choreografische Nachwuchstalente. steptext veranstaltet Festivals und Austauschprogramme, Residenzen, Vorträge, Diskussionen, Trainings und Workshops. Menschen und Ideen stiften einander an. Kulturübergreifende Dialoge setzen sich fort. Produktionen entstehen und laden das Publikum zu Entdeckungen und Reflexion ein. BLEIBEN SIE AUF DEM LAUFENDEN ABONNIEREN SIE UNSEREN NEWSLETTER ++++ Bei der Preisgala des George Tabori Preises des Fonds Darstellende Künste am 22. Mai 2014 wird die erfolgreiche Arbeit von steptext dance project gewürdigt. Wir freuen uns sehr über diese Ehre. Anmeldung unter preis@fonds-daku.de (www.fonds-daku.de) ++++ Kontakt Impressum Datenschutz ","title":"INTERAKTIONEN - steptext","desc":null,"details":{"length":1541,"language":"de","date":"2014/10/31 16:18:34","type":"application/xhtml+xml","country":""},"crawling":{"duration":"1","date":"2014/10/31 16:18:34"},"metas":[{"name":"description","value":""},{"name":"keywords","value":""},{"name":"author","value":""},{"name":"copyright","value":""},{"name":"publisher","value":""},{"name":"page-topic","value":""},{"name":"page-type","value":""},{"name":"content-language","value":"de"},{"name":"audience","value":"all"},{"name":"revisit-after","value":"7 days"},{"name":"robots","value":"index,follow"},{"name":"date","value":"2012-08-24T13:33-01:00"}],"uri":{"protocol":"http","domain":"de.steptext.","url":"http://steptext.de/virthos.php?-ck=1404058531&-cod=6ffd1caa74&-met=vtview&-pg=103&-ses=1713525"}}},{"_index":"de_content_201410","_type":"resourceQ","_id":"http://forum.vcpbzol.de/posting.php?f=51&mode=post&sid=9f8b886c6ae55bce38cb5fd7345f8516","_score":1.0, "_source" : {"body":" Bezirksforum Wir sind der Bezirk Oldenburg Zum Inhalt Erweiterte Suche Foren-Übersicht Ändere Schriftgröße FAQ Registrieren Anmelden Du musst dich anmelden, um in diesem Forum Beiträge zu schreiben. Benutzername: Passwort: Ich habe mein Passwort vergessen Mich bei jedem Besuch automatisch anmelden Meinen Online-Status während dieser Sitzung verbergen   Registrieren Du musst in diesem Forum registriert sein, um dich anmelden zu können. Die Registrierung ist in wenigen Augenblicken erledigt und ermöglicht dir, auf weitere Funktionen zuzugreifen. Die Board-Administration kann registrierten Benutzern auch zusätzliche Berechtigungen zuweisen. Beachte bitte unsere Nutzungsbedingungen und die verwandten Regelungen, bevor du dich registrierst. Bitte beachte auch die jeweiligen Forenregeln, wenn du dich in diesem Board bewegst. Nutzungsbedingungen | Datenschutzrichtlinie Registrieren Foren-Übersicht Das Team • Alle Cookies des Boards löschen • Alle Zeiten sind UTC + 1 Stunde [ Sommerzeit ] Powered by phpBB® Forum Software © phpBB Group Deutsche Übersetzung durch phpBB.de ","title":"Bezirksforum • Anmelden","desc":null,"details":{"length":1080,"language":"de","date":"2014/10/31 16:18:35","type":"application/xhtml+xml","country":""},"crawling":{"duration":"1","date":"2014/10/31 16:18:35"},"metas":[{"name":"resource-type","value":"document"},{"name":"distribution","value":"global"},{"name":"keywords","value":""},{"name":"description","value":""}],"uri":{"protocol":"http","domain":"de.vcpbzol.forum.","url":"http://forum.vcpbzol.de/posting.php?f=51&mode=post&sid=9f8b886c6ae55bce38cb5fd7345f8516"}}},{"_index":"de_content_201410","_type":"resourceQ","_id":"http://bonn-kostenlos.de/index.php/eventsnachtag/2017/5/31/-","_score":1.0, "_source" : {"body":" Bonn-Kostenlos.de Veranstaltungen mit freiem Eintritt in Bonn... \"Die schönsten Dinge im Leben sind kostenlos!\" Suchen... Kalender Demnächst... Kategorien Kinder-/Jugendprogramm Konzert/Festival Theater/Filmvorführung Tag der offenen Tür/ Bürgerfest Workshop/Seminar Exkursion/Rundgang Buchvorstellung/Lesung Vernissage/Finissage Vortrag/Diskussion Ausstellung Party Sonstiges WM 2014 Public Viewing Forum Aktuelle Beiträge Aktuelle Themen Benutzer bearbeiten Thema erstellen App Über uns Kontakt Impressum Datenschutzerklärung I Termin einreichen Login/Logout Aktuelle Seite: Home « < Juli 2014 > » Mo Di Mi Do Fr Sa So 30 1 2 3 4 5 6 7 8 9 10 11 12 13 14 15 16 17 18 19 20 21 22 23 24 25 26 27 28 29 30 31 1 2 3 Neue Termine... Ich-Du-Ihr-Wir Mo Jul 14 @10:00 \"Jazztube\" Fr Sep 26 @17:00 \"Jazztube\" Fr Aug 29 @17:00 \"Jazztube\" Fr Jul 25 @17:00 \"Jazztube\" Fr Jun 27 @17:00 RSS Feed abonnieren Danke!!! Die Betriebskosten für die Webseite Bonn-Kostenlos.de wurden in diesem Monat bereits zu 8% durch Spenden und Klicks auf die Banner unserer Werbepartner gedeckt! Wenn Dir unsere Seite gefällt, hillfst Du uns auch, wenn Du uns z.B. auf Facebook weiter emphielst!   Terminkalender Jahr Woche Heute Suche Events für Mittwoch, 31. Mai 2017 Keine Termine Neuen Termin eintragen Informiere Dich über neue Termine direkt bei Facebook!!! Letzter Beitrag im Forum: Keine Beiträge vorhanden twitter Bonn Kostenlos @bonnkostenlos bonnkostenlos Bonn-Kostenlos.de 14 Jul 2014 10:00 : Ich-Du-Ihr-WirIch - Du - Ihr - WirMit viel Vielfalt und Kreativität... http://t.co/UaNS7w7vbT Jul 02 • reply • retweet • favorite κατασκευη ιστοσελιδων Alle Angaben verstehen sich ohne Gewähr!!! Bitte beachtet auch die Hinweise zum Datenschutz! Euch gefällt die Seite???? Dann würden wir uns über eine kleine Spende freuen. EUR USD GBP CHF AUD HKD CAD JPY NZD SGD SEK DKK PLN NOK HUF CZK ILS MXN ©2014 Bonn-Kostenlos | Designed by TempoDesign  ","title":"Bonn-Kostenlos - Kalender","desc":"Hier werden alle Veranstaltungen und Aktivitäten gesammelt, die man in Bonn kostenlos besuchen kann. Eure Mithilfe ist gefragt: Wenn Ihr einen Termin seht der kostenlos ist, dann postet ihn hier.","details":{"length":1918,"language":"de","date":"2014/10/31 16:18:34","type":"application/xhtml+xml","country":""},"crawling":{"duration":"1","date":"2014/10/31 16:18:34"},"metas":[{"name":"keywords","value":"Veranstaltungen, Veranstaltung, Konzerte, Konzert, Bonn, Live, Musik, Theater, Ausstellung, Kalender, Kalendar, Oper, Festival, \"konzert bonn\", \"ausstellung bonn\", \"kalendar bonn\", \"oper bonn\", \"lesung bonn\", Kostenlos, \"Bonn Kostenlos\""},{"name":"robots","value":"index, follow"},{"name":"description","value":"Hier werden alle Veranstaltungen und Aktivitäten gesammelt, die man in Bonn kostenlos besuchen kann. Eure Mithilfe ist gefragt: Wenn Ihr einen Termin seht der kostenlos ist, dann postet ihn hier."},{"name":"generator","value":"Joomla! - Open Source Content Management"},{"name":"og:description","value":"Hier werden alle Veranstaltungen und Aktivitäten gesammelt, die man in Bonn kostenlos besuchen kann. Eure Mithilfe ist gefragt: Wenn Ihr einen Termin seht der kostenlos ist, dann postet ihn hier."},{"name":"og:image","value":"http://www.bonn-kostenlos.de/plugins/content/facebooklikeandshare/link.png"},{"name":"og:url","value":""},{"name":"og:title","value":"Bonn-Kostenlos - Kalender"},{"name":"my:fb","value":"on"},{"name":"og:locale","value":"en_US"},{"name":"og:site_name","value":""},{"name":"viewport","value":"width=1068"}],"uri":{"protocol":"http","domain":"de.bonn-kostenlos.","url":"http://bonn-kostenlos.de/index.php/eventsnachtag/2017/5/31/-"}}},{"_index":"de_content_201410","_type":"resourceQ","_id":"http://geschichte-mathematik.de/b002l5ilai.html","_score":1.0, "_source" : {"body":" Blood & Flowers - Der Wächter des Königs [Blu-ray] von Song Ji-hyo , Zo In-sung , Yoo Ha   Lesen Sie mehr... Rezensionen ansehen... Kundenrezensionen: 11.  Blood & Flowers - Der Wächter des Königs 10.  Puccini 9.  Großes Gefühlskino? Ich weiß nicht... Alle Kundenrezensionen ansehen...   Angebote zu Blood,  Flowers,  Wächter ab 1 Euro! Siehe auch folgende Artikel: King Naresuan - Der Herrscher von Siam... Divine Weapon - Die letzte Schlacht der Ming... Sword with No Name [Blu-ray] The Pirates of Langkasuka (Special Edition) Ichi - Die blinde Schwertkämpferin [Blu-ray] The Pirates of Langkasuka [Blu-ray] Mehr zu   Action Home ...,     Angebote ansehen ...,     Begleitseite ... Herausgeber dieser Seite ist DomainLoc.com GmbH - Partner von Amazon.de Copyright © DomainLoc.com GmbH ( Impressum)","title":"Blood & Flowers - Der Wächter des Königs [Blu-ray]","desc":"Blood & Flowers - Der Wächter des Königs [Blu-ray] von Song Ji-hyo, Zo In-sung, Yoo Ha auf geschichte-mathematik.de","details":{"length":800,"language":"de","date":"2014/10/31 16:18:34","type":"text/html","country":""},"crawling":{"duration":"1","date":"2014/10/31 16:18:34"},"metas":[{"name":"keywords","value":"Blood,Flowers,Wächter,Königs,Blu,ray,Blood & Flowers - Der Wächter des Königs [Blu-ray],Song Ji-hyo, Zo In-sung, Yoo Ha,Buch,DVD,CD,geschichte-mathematik"},{"name":"description","value":"Blood & Flowers - Der Wächter des Königs [Blu-ray] von Song Ji-hyo, Zo In-sung, Yoo Ha auf geschichte-mathematik.de"},{"name":"ABSTRACT","value":"Blood & Flowers - Der Wächter des Königs [Blu-ray] von Song Ji-hyo, Zo In-sung, Yoo Ha auf geschichte-mathematik.de"},{"name":"page-topic","value":"Blood & Flowers - Der Wächter des Königs [Blu-ray]"},{"name":"author","value":"DomainLoc.com GmbH"},{"name":"publisher","value":"DomainLoc.com GmbH"},{"name":"copyright","value":"DomainLoc.com GmbH"},{"name":"Content-Language","value":"de"},{"name":"robots","value":"INDEX,FOLLOW"},{"name":"revisit-after","value":"30 days"},{"name":"revisit","value":"After 30 days"},{"name":"audience","value":"all"},{"name":"expires","value":"0"},{"name":"page-type","value":"Kommerzielle Organisation"}],"uri":{"protocol":"http","domain":"de.geschichte-mathematik.","url":"http://geschichte-mathematik.de/b002l5ilai.html"}}},{"_index":"de_content_201410","_type":"resourceQ","_id":"http://ds-dekoservice.de/produkte/die-vier-jahreszeiten/fruhling-und-ostern/sisal-dekorationen-fruehling/blute-einseitig-60cm,-sisal-draht,-orange-gelb.aspx","_score":1.0, "_source" : {"body":" Sign in to CMS Desk. Sign in to CMS Site Manager. The default account is administrator with blank password. Produktsuche Produkte Die vier Jahreszeiten Sommer und Blumen Deko Blumenbüsche und Sträuße Blumen, Grünpflanzen und Kakteen Herbst Deko 2014 Winter Deko 2014 Frühling und Ostern Papier Oster-Eier DIN 4102 B1 Papier Oster-Eier DIN 4102 B1 Papier Oster-Glocken DIN 4102 B1 Blütenzweige + Girlanden Grasplatten Sisal-Dekorationen Frühling Staniol-Ostereier Schoko - Deko - Hasen XXL Osterfiguren der Spitzenklasse Themen Dekorationen Lack Folien Bänder - Kordeln - Schleifen Papier Dekorationen Länder Dekorationen Folien-Dekorationen Deko und Verkaufshilfen Deko-Tierwelt Deko Stoffe, Molton, Tuell Verpackungen und Zubehör Lebensmittel Attrappen Prospekt und Warenträger Werkzeuge und Zubehör Startseite Produkte Service Kontakt Bezahlarten AGB Benutzer Warenkorb Warenkorb |  Meine Daten |  Meine Wunschliste Ihr Einkaufskorb ist leer Produkte / Die vier Jahreszeiten / Frühling und Ostern / Sisal-Dekorationen Frühling / Blüte einseitig 60cm, Sisal/Draht, orange/gelb Artikel: Blüte einseitig 60cm, Sisal/Draht, orange/gelb Artikelnummer: 11-24-48355 Produktbeschreibung: Preis: 7,88 € pro Stück Produktfoto: Impressum ","title":"\n\tDS-Deko-Service - Produkte\n","desc":null,"details":{"length":1230,"language":"de","date":"2014/10/31 16:18:35","type":"application/xhtml+xml","country":""},"crawling":{"duration":"1","date":"2014/10/31 16:18:35"},"metas":[{"name":"generator","value":"Kentico CMS 3.1a (build 3.1.3142) "}],"uri":{"protocol":"http","domain":"de.ds-dekoservice.","url":"http://ds-dekoservice.de/produkte/die-vier-jahreszeiten/fruhling-und-ostern/sisal-dekorationen-fruehling/blute-einseitig-60cm,-sisal-draht,-orange-gelb.aspx"}}},{"_index":"de_content_201410","_type":"resourceQ","_id":"http://forum.mebedo.de/ucp.php?mode=sendpassword&sid=a10c2fe551b10d7db1d938feebbb8b13","_score":1.0, "_source" : {"body":" MEBEDO Forum MEBEDO Forum Zum Inhalt Aktuelle Zeit: So Jul 06, 2014 7:01 pm Foren-Übersicht Ändere Schriftgröße Anmelden  •   Registrieren Benutzername:  Passwort:  | Mich bei jedem Besuch automatisch anmelden FAQ Registrieren Anmelden Passwort senden Benutzername: E-Mail-Adresse: Du musst die E-Mail-Adresse angeben, die in deinem Profil hinterlegt ist. Diese hast du bei der Registrierung angegeben oder nachträglich in deinem persönlichen Bereich geändert.     Foren-Übersicht Das Team • Alle Cookies des Boards löschen • Alle Zeiten sind UTC + 1 Stunde MEBEDO GmbH Züchnerstraße 8 56070 Koblenz T +49 261 98838-100 F+49 261 98838-200 info@mebedo.de Vertrieb T +49 261 98838-111 Akademie T +49 261 98838-240 Geschäftsführer Dipl.-Inform. Peter Adrian Dr.-Ing. Thorsten Neumann Stefan Euler Amtsgericht Koblenz HRB 6221 © MEBEDO GmbH 2013 ","title":"MEBEDO Forum • Persönlicher Bereich • Passwort senden","desc":null,"details":{"length":843,"language":"de","date":"2014/10/31 16:18:35","type":"application/xhtml+xml","country":""},"crawling":{"duration":"1","date":"2014/10/31 16:18:35"},"metas":[{"name":"resource-type","value":"document"},{"name":"distribution","value":"global"},{"name":"keywords","value":""},{"name":"description","value":""}],"uri":{"protocol":"http","domain":"de.mebedo.forum.","url":"http://forum.mebedo.de/ucp.php?mode=sendpassword&sid=a10c2fe551b10d7db1d938feebbb8b13"}}},{"_index":"de_content_201410","_type":"resourceQ","_id":"http://da-schau-her.de/jomsocial/163-datobi1992/photos.html","_score":1.0, "_source" : {"body":"     Home News Mein Profil Meine Freunde Meine Fotos Meine Videos Meine Events Veranstaltungsfotos Partyfotos Partyvideos Eventkalender Event melden Games Benutzername Passwort Angemeldet bleiben Mit Facebook einloggen. Auf dieser Seite registrieren. Benutzername vergessen? Passwort vergessen? Unsere Partner   Wir auf Facebook   Neueste Fotos   Kategorie: 2012-12-15 - Bumsi Party Nandlstadt Kategorie: 2012-12-07 - Night Rider Gammelsdorf DaTobi1992 Zum Profil Als Freund hinzufügen Fotos Videos Nachricht senden Fotos von DaTobi1992 Alle Fotos Bislang kein Alubm vorhanden.     ↑↑↑ | Sonntag, 06. Juli 2014 || Designed by: Webdesign Hallertau || Impressum || Sitemap ","title":"da-schau-her.de - Das Party- und Veranstaltungsportal | Fotos von DaTobi1992","desc":"da-schau-her.de - Das Party- und Veranstaltungsportal Überall vor Ort ! Fotos - Partys - Events !","details":{"length":671,"language":"de","date":"2014/10/31 16:18:35","type":"text/html","country":""},"crawling":{"duration":"1","date":"2014/10/31 16:18:35"},"metas":[{"name":"robots","value":"index, follow"},{"name":"keywords","value":"Partyfotos,Veranstaltungsfotos,Hallertau,Ingolstadt,M-Eins,Breakout,Partyfotograf werden"},{"name":"description","value":"da-schau-her.de - Das Party- und Veranstaltungsportal Überall vor Ort ! Fotos - Partys - Events !"},{"name":"generator","value":"Joomla! 1.5 - Open Source Content Management"},{"name":"og:url","value":"http://www.da-schau-her.de/jomsocial/163-datobi1992/photos.html"},{"name":"og:title","value":"da-schau-her.de - Das Party- und Veranstaltungsportal | Fotos von DaTobi1992"},{"name":"og:description","value":"da-schau-her.de - Das Party- und Veranstaltungsportal Überall vor Ort ! Fotos - Partys - Events !"},{"name":"og:type","value":"website"},{"name":"fb:app_id","value":"117596178316745"},{"name":"designer","value":"Juergen Koller - http://www.lernvid.com"},{"name":"licence","value":"Creative Commons 3.0"},{"name":"google-site-verification","value":"kdapMxq0bKtxSBTw_b3qyLoeX34RdY8lRgVcnvywQhM"}],"uri":{"protocol":"http","domain":"de.da-schau-her.","url":"http://da-schau-her.de/jomsocial/163-datobi1992/photos.html"}}},{"_index":"de_content_201410","_type":"resourceQ","_id":"https://ratsinfo.erkelenz.de/bi/to010.asp?silfdnr=247&tolfdnr=4611","_score":1.0, "_source" : {"body":" ALLRIS ®net Sitzungsdienst Bürgerinfo Home Rat der Stadt Ausschüsse Bezirksausschüsse Fraktionen Ämter Sitzungen Kalender Übersicht Recherche Textrecherche Sitzungsteilnehmer Bürgerinformationssystem Tagesordnung - 29. Sitzung des Bau- und Betriebsausschusses       Bezeichnung: 29. Sitzung des Bau- und Betriebsausschusses Gremium: Bau- und Betriebsausschuss Datum: Do, 04.09.2008 Status: öffentlich/nichtöffentlich Zeit: 18:00 - 19:00 Anlass: Sitzung Raum: Sitzungssaal des Rathauses Ort: Johannismarkt 17, 41812 Erkelenz TOP   Betreff Vorlage Ö 1   Mitteilungen des Vorsitzenden, des Bürgermeisters und der Werkleitung     Ö 2   Sachstandsberichte über laufende Baumaßnahmen     Ö 3   Beratung über die Durchführung von Tiefbaumaßnahmen und Entscheidung über Art und Umfang der Ausführung     Ö 3.1   Kanal- und Straßensanierung Stettiner -, Königsberger - und Danziger Straße hier: Entscheidung über Art und Umfang der Bauarbeiten A 66/191/2008   Ö 3.2   Geschwindigkeitsdämpfungsmaßnahmen im Baugebiet Oestricher Kamp hier: Entscheidung über Art und Umfang der Bauarbeiten A 66/192/2008   Ö 4   Angelegenheiten des Abwasserbetriebes     Ö 4.1   Feststellung des Jahresabschlusses für das Wirtschaftsjahr 2007 einschließlich eines Lageberichtes A 20/106/2008   N 1     (nichtöffentlich)       N 2     (nichtöffentlich)       N 3     (nichtöffentlich)       N 3.1     (nichtöffentlich)       N 4     (nichtöffentlich)       N 4.1     (nichtöffentlich)       N 5     (nichtöffentlich)       N 5.1     (nichtöffentlich)       N 5.2     (nichtöffentlich)                         282941 Besucher seit dem 16.11.2009 CC e-gov GmbH ALLRIS ®net ","title":"Tagesordnung","desc":"ALLRIS net Version 3.8.7SP1 (130823m)","details":{"length":1642,"language":"de","date":"2014/10/31 16:18:32","type":"application/xhtml+xml","country":""},"crawling":{"duration":"1","date":"2014/10/31 16:18:32"},"metas":[{"name":"description","value":"ALLRIS net Version 3.8.7SP1 (130823m)"},{"name":"language","value":"de"},{"name":"keywords","value":"Ratsinformationssystem, Ratsinfo, Sitzungsdienst, ALLRIS"},{"name":"classification","value":"Government"},{"name":"rating","value":"Safe For Kids"},{"name":"objectID","value":"247"},{"name":"infoID","value":"33.3870015"}],"uri":{"protocol":"https","domain":"de.erkelenz.ratsinfo.","url":"https://ratsinfo.erkelenz.de/bi/to010.asp?silfdnr=247&tolfdnr=4611"}}},{"_index":"de_content_201410","_type":"resourceQ","_id":"http://eben-ezer.de/index.php?log=1&stiftungsess=3g28ap4rp4391kq705lrfsbf62","_score":1.0, "_source" : {"body":" Direkt zum Inhalt Navigation: Stiftung Eben-Ezer Navigation: Informationen Sie sind hier: Startseite Informationen Aktuelle Seite: Startseite  |  Kontakt  |  Impressum  |  Übersicht Suche Stiftung Eben-Ezer Stiftung Eben-Ezer Aufnahme & Beratung Service Spenden & Freiwilligenarbeit Termine Herzlich Willkommen! Wir begrüßen Sie auf den Seiten der Stiftung Eben-Ezer. Die Stiftung ist mit ihren Angeboten in der Region Lippe für fast 2.000 Menschen da: vom Kind bis zum Senioren. Die Stiftungsarbeit beruht auf der Überzeugung, dass jeder Mensch von der Hilfe Gottes lebt. Eben-Ezer folgt dem Leitbild \" Leben in Vielfalt\". Jeder soll sein Leben so erfüllt und eigenständig wie möglich leben und an der Gesellschaft teilhaben. Rund 1.100 Menschen mit Behinderungen und psycho-sozialen Unterstützungsbedarfen nehmen die Angebote der Lebensbegleitung Eben-Ezers wahr. Dazu gehören differenzierte Wohnangebote, schulische und berufliche Bildung, Werkstätten für behinderte Menschen, Förderstätten, medizinische, psychologische und therapeutische Versorgung, eine Kirchengemeinde sowie Angebote in den Bereichen Kultur und Freizeitgestaltung. Eben-Ezer ist Trägerin evangelischer integrativer Kindertageseinrichtungen und Familienzentren sowie eines Berufskollegs mit beruflichem Gymnasium, Fachrichtung Sozialwesen. Eben-Ezer wurde 1862 von dem Lehrer Simon August Topehlen begründet. Die Stiftung ist Mitglied des Diakonischen Werks der Evangelischen Kirche in Deutschland und eine rechtsfähige Stiftung des privaten Rechts. << zurück Aktuelles 25.06.2014 Vorstellung des Jahresberichtes 2013 23.06.2014 Zeitgenössische Kunst in Eben-Ezer 21.06.2014 LiveDabei 2014 mehr... Schriftgröße verändern Stiftung Eben-Ezer, Diakonie für ein Leben in Vielfalt, Lemgo ","title":"Startseite  - Stiftung Eben-Ezer","desc":"Die Stiftung Eben-Ezer ist eine in Lemgo ans","details":{"length":1757,"language":"de","date":"2014/10/31 16:18:33","type":"text/html","country":""},"crawling":{"duration":"1","date":"2014/10/31 16:18:33"},"metas":[{"name":"author","value":"Stiftung Eben-Ezer"},{"name":"language","value":"de"},{"name":"description","value":"Die Stiftung Eben-Ezer ist eine in Lemgo ans"},{"name":"keywords","value":"Eben-Ezer, EbenEzer, Diakonie, Behinderung, Stiftung, Einrichtung, geistige Behinderung, Lemgo, Hilfe, Therapie, Werkstatt, Wohnen, Wohnheim, Schule, Betreuung, F"},{"name":"date","value":"2005-01-01"},{"name":"robots","value":"index,follow"},{"name":"generator","value":"dev4u® - CMS, ab media gmbh"}],"uri":{"protocol":"http","domain":"de.eben-ezer.","url":"http://eben-ezer.de/index.php?log=1&stiftungsess=3g28ap4rp4391kq705lrfsbf62"}}},{"_index":"de_content_201410","_type":"resourceQ","_id":"http://baukostenreduzierer.de/firmeneintrag-loeschen?element=http://www.baukostenreduzierer.de/bauplanung-anso-ingenieur-gmbh-in-frankfurt-38389&nid=38389","_score":1.0, "_source" : {"body":" Baukostenreduzierer Die Baukostenreduzierer suckerfish menu BW BY BE BR HB HH HE MV NI NW RP Service Firma eintragen Onlineshop Pause Magische Quadrate Connect IV Pong Literatur Free SMS Routenplaner Lokale Suche Günstig Telefonieren SL SN ST SH TH Firma eintragen Onlineshop für Baumarkt und Arbeitsbekleidung Startseite Home News Shop Features Contact Kommunikation Kontakt Impressum Sie möchten Ihre Firmendaten auf dieser Seite nicht mehr anzeigen lassen und möchten diese löschen für: Firma: ANSO Ingenieur GmbH Straße: Oberschelder Weg 20 Ort: 60439 Frankfurt mit der URL: http://www.baukostenreduzierer.de/bauplanung-anso-ingenieur-gmbh-in-frankfurt-38389 Hier können Sie die Löschung beauftragen. Bitte geben Sie Ihren Namen, Ihre Kommunikationsdaten und E-Mail-Adresse für Rückfragen und ggf. zur Bestätigung an. Wir behalten uns die Überprüfung bzw. Identifizierung der Richtigkeit vor und werden dann die Daten löschen. Eine weitere Speicherung, oder Weitergabe der Daten erfolgt nicht. Ihre aktuelle IP-Adresse, Browser und Betriebssystem sind: Aus Sicherheitsgründen werden diese Daten mit dem Absenden Ihrer Eingabe an uns übermittelt und nach Abschluß der Arbeiten gelöscht. Eine weitere Speicherung, Auswertung, oder Weitergabe an Dritte dieser Daten erfolgt nicht. Firmeneintrag löschen Ihr Name: * Ihr Vor- und Nachname (vollständig ausgeschrieben). Kontaktdaten: * Ihre Kontaktdaten wie Telefon, Fax, Mobilfunk & Adresse für Rückfragen. E-Mail: * Ihre E-Mail-Adresse (ggf. zur Bestätigung). Firmeneintrag löschen: * auswählen... Ja Nein Sie möchten diesen Firmeneintrag löschen? Eigentümer: * auswählen... Ja Nein Sie sind die handelnde Person des Kontakteintrages und handeln im eigenen Namen? Bemerkungen: Begründung o.ä. CAPTCHA Diese Frage dient dazu festzustellen, ob Sie ein Mensch sind und um automatisierte SPAM-Beiträge zu verhindern. Käuferportal Fenster Gabelstapler Garagen Kaffeeautomaten Kopierer Küchen Solaranlagen Telefonanlagen Treppenlift Wasserspender Wintergärten Branche Bauplanung Einkaufs-Vereinigungen Bau-Innungen Bundesland Baden-Württemberg Bayern Berlin Brandenburg Bremen Hamburg Hessen Mecklenburg-Vorpommern Niedersachsen Nordrhein-Westfalen Rheinland-Pfalz Saarland Sachsen Sachsen-Anhalt Schleswig-Holstein Thüringen ","title":"Firmeneintrag löschen | Baukostenreduzierer","desc":"Die Daten Ihres Firmeneintrages sind nicht mehr aktuell und/bzw. Sie möchten diese löschen? Hier können Sie einfach und schnell das Löschen Ihrer Daten beauftragen. Wenn Sie einen neuen Firmeneintrag erstellen möchten, verwenden Sie bitte das","details":{"length":2271,"language":"de","date":"2014/10/31 16:18:34","type":"application/xhtml+xml","country":""},"crawling":{"duration":"1","date":"2014/10/31 16:18:34"},"metas":[{"name":"DC.Title","value":"Firmeneintrag löschen"},{"name":"description","value":"Die Daten Ihres Firmeneintrages sind nicht mehr aktuell und/bzw. Sie möchten diese löschen? Hier können Sie einfach und schnell das Löschen Ihrer Daten beauftragen. Wenn Sie einen neuen Firmeneintrag erstellen möchten, verwenden Sie bitte das"},{"name":"keywords","value":"firmeneintrag,ansprechpartner,kontaktperson,kontakt,adresse,anschrift,firmenprofil,homepage,geschäftsbericht,geschäftsführer,mitarbeiter,bilanz,presse,investor relations"},{"name":"robots","value":"noindex, follow"}],"uri":{"protocol":"http","domain":"de.baukostenreduzierer.","url":"http://baukostenreduzierer.de/firmeneintrag-loeschen?element=http://www.baukostenreduzierer.de/bauplanung-anso-ingenieur-gmbh-in-frankfurt-38389&nid=38389"}}},{"_index":"de_content_201410","_type":"resourceQ","_id":"http://forum.naechtliches-theater.de/index.php?page=thread&pageno=32&s=c0d0de85310d2ec580303a6a4d5caa7b0db3eb0a&threadid=1116","_score":1.0, "_source" : {"body":" Zum Seiteninhalt springen Sie sind nicht angemeldet. Anmelden Sprache ändern Deutsch Englisch Ungelesene Beiträge Unbeantwortete Themen Themen der letzten 24 Stunden Erweiterte Suche Nächtliches Theater e.V. Forum Mitglieder Nächtliches Theater e.V. » Allgemein » Offtopic » Spamtime!!! Lieber Besucher, herzlich willkommen bei: Nächtliches Theater e.V.. Falls dies Ihr erster Besuch auf dieser Seite ist, lesen Sie sich bitte die Hilfe durch. Dort wird Ihnen die Bedienung dieser Seite näher erläutert. Darüber hinaus sollten Sie sich registrieren, um alle Funktionen dieser Seite nutzen zu können. Benutzen Sie das Registrierungsformular, um sich zu registrieren oder informieren Sie sich ausführlich über den Registrierungsvorgang. Falls Sie sich bereits zu einem früheren Zeitpunkt registriert haben, können Sie sich hier anmelden. 1 … 2 4 6 8 10 12 14 16 18 20 22 24 26 28 30 31 32 33 34 … 35 38 41 44 47 50 53 56 59 62 65 68 71 74 77 80 83 85 Benutzerinformationen überspringen Sylvia Kindred Beiträge: 416 621 Montag, 21. Januar 2013, 13:28 schwimmen Zum Seitenanfang Benutzerinformationen überspringen Etrigan Dämon Beiträge: 251 622 Montag, 21. Januar 2013, 15:40 ertrinken Gone, gone, the form of man... Zum Seitenanfang Benutzerinformationen überspringen Herr der Rabenstein Ist euch schon aufgefallen das die Mila hier Göttin stehen hat ? Beiträge: 606 623 Montag, 21. Januar 2013, 15:40 tauchen Er, der die königliche Kunst versteht, einleuchtend zu machen, daß gegen seine Gunst und Gnade alles Verdienst ohnmächtig ist und nichts gilt. Arthur Schopenhauer. Zum Seitenanfang Benutzerinformationen überspringen Amanda Caroline Keane Kindred Beiträge: 154 624 Montag, 21. Januar 2013, 16:11 Goldschatz Zum Seitenanfang Benutzerinformationen überspringen Akash Kindred Beiträge: 968 625 Montag, 21. Januar 2013, 21:52 heben Protektorat: Akash Zum Seitenanfang Benutzerinformationen überspringen Herr der Rabenstein Ist euch schon aufgefallen das die Mila hier Göttin stehen hat ? Beiträge: 606 626 Dienstag, 22. Januar 2013, 02:14 Bandscheibe Er, der die königliche Kunst versteht, einleuchtend zu machen, daß gegen seine Gunst und Gnade alles Verdienst ohnmächtig ist und nichts gilt. Arthur Schopenhauer. Zum Seitenanfang Benutzerinformationen überspringen Akash Kindred Beiträge: 968 627 Dienstag, 22. Januar 2013, 02:50 Vorfall Protektorat: Akash Zum Seitenanfang Benutzerinformationen überspringen Etrigan Dämon Beiträge: 251 628 Dienstag, 22. Januar 2013, 13:30 Unfall Gone, gone, the form of man... Zum Seitenanfang Benutzerinformationen überspringen Sylvia Kindred Beiträge: 416 629 Dienstag, 22. Januar 2013, 13:41 Fahrerflucht Zum Seitenanfang Benutzerinformationen überspringen Etrigan Dämon Beiträge: 251 630 Dienstag, 22. Januar 2013, 14:49 Fluchtfahrzeug Gone, gone, the form of man... Zum Seitenanfang Benutzerinformationen überspringen Sylvia Kindred Beiträge: 416 631 Dienstag, 22. Januar 2013, 14:51 A-Team Zum Seitenanfang Benutzerinformationen überspringen Akash Kindred Beiträge: 968 632 Dienstag, 22. Januar 2013, 22:21 Van Protektorat: Akash Zum Seitenanfang Benutzerinformationen überspringen Etrigan Dämon Beiträge: 251 633 Dienstag, 22. Januar 2013, 23:52 Allen Gone, gone, the form of man... Zum Seitenanfang Benutzerinformationen überspringen Michael Schmidt Kindred Beiträge: 148 Wohnort: Nürnberg & Erlangen 634 Mittwoch, 23. Januar 2013, 00:22 \"Das glaub' ich nicht, Tim.\" Zum Seitenanfang Benutzerinformationen überspringen Akash Kindred Beiträge: 968 635 Mittwoch, 23. Januar 2013, 01:23 Hammer Protektorat: Akash Zum Seitenanfang Benutzerinformationen überspringen Elanor Black Kindred Beiträge: 313 636 Mittwoch, 23. Januar 2013, 13:18 Hammertime! \"The heart was made to be broken.\" Oscar Wilde Zum Seitenanfang Benutzerinformationen überspringen Etrigan Dämon Beiträge: 251 637 Mittwoch, 23. Januar 2013, 14:41 Captain Hammer Gone, gone, the form of man... Zum Seitenanfang Benutzerinformationen überspringen Sylvia Kindred Beiträge: 416 638 Mittwoch, 23. Januar 2013, 14:45 Jack Zum Seitenanfang Benutzerinformationen überspringen Elanor Black Kindred Beiträge: 313 639 Mittwoch, 23. Januar 2013, 15:21 Hansdampf \"The heart was made to be broken.\" Oscar Wilde Zum Seitenanfang Benutzerinformationen überspringen Akash Kindred Beiträge: 968 640 Mittwoch, 23. Januar 2013, 19:40 Gasse Protektorat: Akash Zum Seitenanfang 1 … 2 4 6 8 10 12 14 16 18 20 22 24 26 28 30 31 32 33 34 … 35 38 41 44 47 50 53 56 59 62 65 68 71 74 77 80 83 85 Bitte wählen: ----------------------- Allgemein      Ankündigungen zum Forum      Offtopic Protektorat Mittelfranken      Outtime Bereich          Diskussionen zum Protektorat Rollenspielrunden Hilfe Stil ändern WoltLab Basic WoltLab Blue Sunrise Montag, 30. Juni 2014, 01:14 Zum Seitenanfang Forensoftware: Burning Board®, entwickelt von WoltLab® GmbH Dauerhaft angemeldet bleiben? ","title":"Spamtime!!! - Seite 32  - Offtopic - Nächtliches Theater e.V.","desc":null,"details":{"length":4864,"language":"de","date":"2014/10/31 16:18:34","type":"application/xhtml+xml","country":""},"crawling":{"duration":"1","date":"2014/10/31 16:18:34"},"metas":[{"name":"description","value":""},{"name":"keywords","value":"Live, Maskerade, Masquerade, Rollenspiel, RPG, Vampire, Schauspiel, Theater, Nuernberg"}],"uri":{"protocol":"http","domain":"de.naechtliches-theater.forum.","url":"http://forum.naechtliches-theater.de/index.php?page=thread&pageno=32&s=c0d0de85310d2ec580303a6a4d5caa7b0db3eb0a&threadid=1116"}}},{"_index":"de_content_201410","_type":"resourceQ","_id":"http://kreis-anzeiger.de/lokales/wetteraukreis/florstadt/archiv.php?date=2014-05-05","_score":1.0, "_source" : {"body":" Anfang der Seite Zur Navigation | Zum Inhalt | Zur rechten Spalte | Zum Service-Bereich E-Paper Newsletter Montag, der 30.06.2014 Login E-Paper Kontakt Nidda Altenstadt Büdingen Echzell Friedberg Gedern Glauburg Hirzenhain Kefenrod Limeshain Nidda Ortenberg Ranstadt Reichelsheim Schotten 18 °C Ein Angebot der Gießener Anzeiger Verlags GmbH & Co KG Navigation Zum Anfang der Seite | Zum Inhalt | Zur rechten Spalte | Zum Service-Bereich Startseite Rubriken Lokales Übersicht Lokales Wetteraukreis Übersicht Wetteraukreis Landkreis Wetterau Altenstadt Büdingen Echzell Florstadt Friedberg Gedern Glauburg Hirzenhain Kefenrod Limeshain Nidda Ortenberg Ranstadt Reichelsheim Zurück Vogelsbergkreis Übersicht Vogelsbergkreis Landkreis Vogelsberg Schotten Zurück Polizei und Gericht Lokalsport Wirtschaft regional Hochschule Aus der Nachbarschaft Übersicht Aus der Nachbarschaft Kreis Gießen Main-Kinzig-Kreis Alsfeld Lauterbach Ulrichstein Grebenhain Zurück Zurück Meist gelesen Mannschaft aus Eschenrod triumphiert GÖTZEN - (sw). Die Freiwillige Feuerwehr Götzen richtete in diesem Jahr den traditionellen Stadtfeuerwehrtag aus. Anlass war das 90-jährige Bestehen der Wehr und die Gründung der Nachwuchsabteilung ... Sonntags ist Eiszeit bei Ella Reul HÖCHST - (asl). Sonntagmorgen in Höchst. Über dem Eingang der Gaststätte „Zum Goldenen Löwen“ weht eine Eisfahne im Wind. Eiszeit ist angesagt wie jeden Sonntag von April bis Oktober. Und das seit ... Sport Übersicht Sport Top-Clubs Übersicht Top-Clubs Eintracht Frankfurt GIESSEN 46ers TV Lich HSG Wetzlar TV Hüttenberg TV Gelnhausen Rote Teufel Bad Nauheim Rhein-Main Patriots Assenheim Zurück Lokalsport Übersicht Lokalsport Fußball Handball Basketball Tischtennis Volleyball Leichtathletik Tennis Radsport Motorsport Weitere Sportarten Zurück Sport überregional Übersicht Sport überregional WM 2014 Fußball Motorsport Radsport Handball Basketball Pferdesport Boxen Eishockey Leichtathletik Tennis Wintersport Golf Sportmix Zurück Sportergebnisse Übersicht Sportergebnisse Fußball Deutschland Fußball International Handball Volleyball Basketball Baseball Tischtennis Tennis Hockey Ringen Weitere Sportergebnisse Zurück Zurück Meist gelesen Drittligist Gedern/Nidda: Neuer Co-Trainer GEDERN - / (flo). Stefan Wagner heißt der neue Assistenztrainer des Frauenhandball-Drittligisten HSG Gedern/Nidda. Wagner ersetzt Zoran Miljkovic, dessen Kontrakt nicht verlängert wurde. Der neue Assistent ... Qualitätsoffensive RONNEBURG - (fs). Der Büdinger Fußball-A-Ligist SV Altwiedermus rüstet seinen Kader auf. Lindheimer Trio Vom Kreisoberliga-Absteiger SSV Lindheim II wechseln mit Redon Strati, Basaran Celiker und Andrej ... fupa - Mittelhessen Welttrainer Politik Übersicht Politik Hessen Deutschland Ausland Zurück Meist gelesen Barmer GEK halbiert bis 2016 Zahl ihrer Geschäftsstellen Frankfurt/Main (dpa/lhe) - Die Krankenkasse Barmer GEK halbiert in Hessen die Zahl ihrer Geschäftsstellen. Statt 60 soll es ab Mitte 2016 nur noch 30 geben. Am Freitag wurden die Mitarbeiter ... Pierre Vogel tritt in Offenbach auf: Weniger Teilnehmer als erwartet Offenbach (dpa/lhe) - Der umstrittene Salafisten-Prediger Pierre Vogel ist am Samstag begleitet von einem großen Polizeiaufgebot in Offenbach aufgetreten. An der Kundgebung nahmen nach Polizeiangaben ... Jobs Immobilien Wirtschaft Übersicht Wirtschaft Wirtschaft regional Wirtschaft überregional Geld & Recht Geldmarkt aktuell Geldanlage Übersicht Geldanlage Geldanlagerechner Baugeldvergleich Kreditrechner Sparplanrechner Privatgirorechner Zurück Altersvorsorge Übersicht Altersvorsorge Privatrentenrechner Fondsrenterechner Kapitallebenrechner Risikolebenrechner Sofortrentenrechner Riesterrechner Riesterfondsrechner Rüruprenterechner Zurück Herstellerinformation Zurück Meist gelesen „An China führt kein Weg vorbei“ OBER-SCHMITTEN - (red). „An China führt kein Weg vorbei.“ Davon zeigte sich Professor Aribert Büngers, Managing Director von Global Procurement Services (GPS), beim Netzwerktreffen des Verpackungsclusters ... Dax stabilisiert sich Frankfurt/Main (dpa) - Der Dax hat sich nach den jüngsten Verlusten am Freitag etwas stabilisiert. Marktanalyst Christian Henke vom Broker IG sprach von einer Beruhigung der Lage auf dem Frankfurter ... Jobs Immobilien Wissen Übersicht Wissen Hochschule Wissenschaft Vermischtes Lexikon A-Z Zurück Meist gelesen Mieterbund: «Rauchen bleibt in der Wohnung erlaubt» Düsseldorf (dpa) - Der Deutsche Mieterbund gibt dem Düsseldorfer Raucher-Urteil keine richtungsweisende Bedeutung. «Es ist eine Einzelfallentscheidung, mehr nicht», sagte der Direktor der ... Lebenslange Haft nach Mord an Gaststudentin Mannheim (dpa) - Wegen des Mordes an einer Austauschstudentin und anderer Delikte muss ein 41-Jähriger lebenslang ins Gefängnis. Die Kammer des Mannheimer Landgerichts ordnete für ihn am Freitag ... Ratgeber Übersicht Ratgeber Auto & Motorrad Übersicht Auto & Motorrad Rund ums Kfz Oldtimer & Gebrauchte Neue Modelle Auto-ABC Autotests Recht im Verkehr Autokredit Herstellerinformation Zurück Internet & Elektronik Übersicht Internet & Elektronik Rund um Elektronik Surf-Tipps Games Technik-ABC Recht im Netz Telefontarife Herstellerinformation Zurück Bauen & Wohnen Übersicht Bauen & Wohnen Rund ums Wohnen Rund um den Garten Miet- und Baurecht Haushaltstipps Pflanzenpflege Herstellerinformation Zurück Leben & Genießen Übersicht Leben & Genießen Rund um Familie Rund um Erziehung Recht im Familienleben Rund ums Tier Rund um Ernährung Küche mit Köpfchen Rezept der Woche Herstellerinformation Zurück Ausbildung & Beruf Übersicht Ausbildung & Beruf Rund um Beruf Ausbildung & Studium Kostenlose Studienliteratur Recht im Beruf Lohnsteuer-Rechner Krankenkassen-Rechner Herstellerinformation Zurück Gesundheit & Wellness Übersicht Gesundheit & Wellness Rund um Gesundheit Wellness und Fitness Recht auf Gesundheit Krankenkassen-Rechner Herstellerinformation Zurück Reise & Umwelt Übersicht Reise & Umwelt Rund ums Reisen Reiseberichte Deutschland-Reise Gesundheit auf Reisen Recht auf Reisen Umwelt Herstellerinformation Zurück Trauer & Erinnerung Übersicht Trauer & Erinnerung Rund um Trauer Vorkehrungen Medizinische Vorsorge Nach dem Tod Rund um die Beisetzung Trauerprozess Recht im Trauerfall Traueranzeigen Zurück Zurück Meist gelesen Mach dich mal locker: Rückenschmerzen bei Autoreisen vorbeugen Bochum (dpa/tmn) - Autofahrer kennen das: Das Urlaubsziel ist noch lange nicht erreicht, da meldet sich der Rücken. Oder das Sitzen führt zu Nackenschmerzen - die Reise wird zur Qual. Das Mittel ... Reproduktionsmedizin: Kinderwunsch auf Eis und Eizelltourismus München (dpa) - Familie, Job, Karriere, das ist trotz Hilfen oft schwer vereinbar. Eingefrorene Eizellen scheinen die perfekte Lösung; Eizellspenden lassen 60-Jährige Mutter werden. Ethiker ... Jobs Immobilien Freizeit Übersicht Freizeit Veranstaltungen Essen & Trinken Übersicht Essen & Trinken Gastro-Tipps Winzer Zurück Freizeittipps Übersicht Freizeittipps Mein perfekter Tag Museen Klettern & Hochseilgärten Burgen & Schlösser Zoos & Wildparks Badeseen & Erlebnisbäder Freizeit- & Themenparks Zurück Ausgehtipps Kino Übersicht Kino Kinofilme in der Region Trailer und Making-Ofs Zurück Ticketshop Sudoku Zurück Meist gelesen Übernachten wie die Ritter Bacharach - Die Burg Stahleck in Bacharach steht heute wieder in alter Pracht da. Rüstungen und Rittersäle sucht man allerdings vergebens. Einfahrt in den toten Mann Langenfeld - Früher war das Arbeiten unter Tage keine Seltenheit im Berufsalltag. In der Grube Bendisberg können Besucher erleben, wie es in einem Stollen zuging. Welttrainer Mediathek Übersicht Mediathek Videos Übersicht Videos Aktuelles Region Nachrichten Sport Vermischtes Auto Literatur Kino & Film Top-Videos Zurück Bilder Übersicht Bilder Nachrichten Sport Fußball Zurück Zurück Anzeigen Übersicht Anzeigen Jobs Immobilien Freudige Anlässe Traurige Anlässe Kraftfahrzeuge Reise Tiermarkt Flohmarkt Kennenlernen Anzeige aufgeben Zurück Jobs Immobilien Abo & Service Übersicht Abo & Service Abonnement Übersicht Abonnement Abo bestellen Abo-Service Zurück Apps Übersicht Apps E-Paper Zurück Leserservice Übersicht Leserservice Kundencenter Ticketshop Leserbriefe Zusteller gesucht Zurück Leserreisen Übersicht Leserreisen Europareisen Fernreisen Zurück Anzeigenservice Übersicht Anzeigenservice Anzeige aufgeben Anzeigen suchen Immobilienmarkt Stellenmarkt Print-Werbung Online-Werbung Zurück Archiv Übersicht Archiv Onlinesuche Inhalte und Rechte Zurück Zurück E-Paper: Jetzt kostenlos und unverbindlich testen! Erleben Sie Ihre Tageszeitung im Internet – mobil auf Tablet, Smartphone und Laptop oder zuhause am PC. Tageszeitung: Jetzt kostenlos und unverbindlich testen! Sie kennen unsere Tageszeitung noch nicht? Dann bestellen Sie hier kostenlos und unverbindlich eine zweiwöchige Leseprobe. Kreis-Anzeiger / Lokales / Wetteraukreis / Florstadt Florstadt als RSS-Feed abonnieren Inhalt Zum Anfang der Seite | Zur Navigation | Zur rechten Spalte | Zum Service-Bereich Datum wählen März 2014 Mo Di Mi Do Fr Sa So 1 2 3 4 5 6 7 8 9 10 11 12 13 14 15 16 17 18 19 20 21 22 23 24 25 26 27 28 29 30 31 April 2014 Mo Di Mi Do Fr Sa So 1 2 3 4 5 6 7 8 9 10 11 12 13 14 15 16 17 18 19 20 21 22 23 24 25 26 27 28 29 30 Mai 2014 Mo Di Mi Do Fr Sa So 1 2 3 4 5 6 7 8 9 10 11 12 13 14 15 16 17 18 19 20 21 22 23 24 25 26 27 28 29 30 31 1 Treffer in der Rubrik »Florstadt« am 05.05.2014   Lokales - Wetteraukreis - Florstadt 05.05.2014 Nur geringe Abweichungen FLORSTADT (luc). Die Informationsveranstaltungen der Stadt Florstadt zur geplanten Einführung der gesplitteten Abwassergebühr in jedem Stadtteil verlaufen bislang erfolgreich – zahlreiche Bürger interessieren sich für das Thema. In ... Weiterlesen Service-Bereich Zum Anfang der Seite | Zur Navigation | Zum Inhalt | Zur rechten Spalte Alles auf einen Klick! Jobs Immo Experten Bundesligatrainer Online-Auktion Leserreisen Preisliste/Mediadaten Hier finden Sie alle Informationen zu unseren Werbeleistungen. PDF-Datei öffnen Abo-Service & Leserbrief Abo-Service Sie haben Fragen zu Ihrem Abonnement oder möchten ein Abonnement bestellen? Wir helfen Ihnen gerne weiter. Mehr Informationen Telefon 0641/9504 76 Leserbrief an die Redaktion Sie haben ein Thema das Sie bewegt? Lassen Sie es uns wissen! Text schreiben Besondere Angebote Tageszeitung: Jetzt kostenlos und unverbindlich testen! Sie kennen unsere Tageszeitung noch nicht? Dann bestellen Sie hier kostenlos und unverbindlich eine zweiwöchige Leseprobe. Jetzt bestellen E-Paper: Jetzt kostenlos und unverbindlich testen! Erleben Sie Ihre Tageszeitung im Internet - am PC zuhause oder mobil auf Laptop, Tablet-PC oder Smartphone. Mehr Informationen Facebook RSS-Feed Newsletter Gelnhäuser Tageblatt Gießener Anzeiger Kreis-Anzeiger Lauterbacher Anzeiger Oberhessische Zeitung Usinger Anzeiger Impressum Nutzungsbasierte Online-Werbung Datenschutz AGB DL-InfoV © Gießener Anzeiger Verlags GmbH & Co KG - Alle Rechte vorbehalten Zum Anfang der Seite | Zur Navigation | Zum Inhalt | Zur rechten Spalte | Zum Service-Bereich Meldung schließen Zum Anfang der Seite 0.0152778625488 Sekunden ","title":"Nachrichten aus Florstadt im Wetteraukreis - Archiv vom 05.05.2014 - Kreis-Anzeiger","desc":"Aktuelle Nachrichten aus der Welt, Deutschland, Hessen, Büdingen, Nidda, dem Wetteraukreis und angrenzenden Gemeinden im Vogelsbergkreis - Lokales, Kultur, Sport, Wirtschaft und Politik auf einen Blick.","details":{"length":11138,"language":"de","date":"2014/10/31 16:18:35","type":"application/xhtml+xml","country":""},"crawling":{"duration":"1","date":"2014/10/31 16:18:35"},"metas":[{"name":"DC.Title","value":"Nachrichten aus Florstadt im Wetteraukreis - Archiv vom 05.05.2014 - Kreis-Anzeiger"},{"name":"DC.Description","value":"Aktuelle Nachrichten aus der Welt, Deutschland, Hessen, Büdingen, Nidda, dem Wetteraukreis und angrenzenden Gemeinden im Vogelsbergkreis - Lokales, Kultur, Sport, Wirtschaft und Politik auf einen Blick."},{"name":"description","value":"Aktuelle Nachrichten aus der Welt, Deutschland, Hessen, Büdingen, Nidda, dem Wetteraukreis und angrenzenden Gemeinden im Vogelsbergkreis - Lokales, Kultur, Sport, Wirtschaft und Politik auf einen Blick."},{"name":"DC.Author","value":"Gießener Anzeiger Verlags GmbH & Co KG"},{"name":"DC.Publisher","value":"Gießener Anzeiger Verlags GmbH & Co KG"},{"name":"DC.Copyright","value":"Gießener Anzeiger Verlags GmbH & Co KG"},{"name":"DC.Keywords","value":"Nachrichten, Meldungen, Kreis-Anzeiger, Wetteraukreis, Landkreis, Altenstadt, Bad Nauheim, Büdingen, Echzell, Florstadt, Friedberg, Gedern, Glauburg, Hirzenhain, Kefenrod, Limeshain, Nidda, Ortenberg, Ranstadt, Reichelsheim, Wölfersheim, Vogelsbergkreis, Schotten, Lokalsport, Sport, Kultur, Vereine, Fußball"},{"name":"keywords","value":"Nachrichten, Meldungen, Kreis-Anzeiger, Wetteraukreis, Landkreis, Altenstadt, Bad Nauheim, Büdingen, Echzell, Florstadt, Friedberg, Gedern, Glauburg, Hirzenhain, Kefenrod, Limeshain, Nidda, Ortenberg, Ranstadt, Reichelsheim, Wölfersheim, Vogelsbergkreis, Schotten, Lokalsport, Sport, Kultur, Vereine, Fußball"},{"name":"DC.Generator","value":"Realisation: triple-i new media system design GmbH"},{"name":"DC.Audience","value":"General"},{"name":"robots","value":"noindex, follow"},{"name":"viewport","value":"width=device-width, initial-scale=1.0"}],"uri":{"protocol":"http","domain":"de.kreis-anzeiger.","url":"http://kreis-anzeiger.de/lokales/wetteraukreis/florstadt/archiv.php?date=2014-05-05"}}},{"_index":"de_content_201410","_type":"resourceQ","_id":"http://clubderdampfer.de/drip-tip-daumen-hoch-510er-violett.html","_score":1.0, "_source" : {"body":" Vergleichen Mein Konto Mein Wunschzettel Shop Reviews Anmelden Club der Dampfer Zentrale: +49 (0) 201 874 690 60 Mo-Fr: 9.30 bis 17.00 Uhr (Mi. bis 13.00 Uhr) Search Site Suche: Club der Dampfer Startseite Hardware Akkus & Ladegeräte Akkus für Akkuträger Ladegeräte eGo-Akkus Akkuträger Mechanische MOD's Regelbare MOD's Hybrid MOD's E-Zigarette / Sets Für Einsteiger für Fortgeschrittene Für Profis Verdampfer Anfänger Fortgeschrittene Selbstwickelverdampfer Was fällt unter Hardware? Unter unsere Kategorie Hardware haben wir alle Produkte zusammengefasst, die man zum verdampfen von E-Liquids oder Basen benötigt. Zum Beispiel Akku für den Akkuträger oder gewöhnliche eGo-Akku's, ohne die der Verdampfer nicht funktioniert. Auch findet man hier, Ersatzteile wie Köpfe und Tanks. Flüssigkeiten Neu Aromen Clubaroma (CA) Pink Spot Vapor (PSV) Tasty Puff (TP) Basis Liquid Traditionale Basis Aurora Fifty-Fifty Propylenglycol Glycerin Summer-Fresh e-Liquids EGOdampf EGOsky EGOvapor Club Liquid NEU Was fällt alles unter Flüssigkeiten? Hier findet man alles was entweder direkt in den Verdampfer gehört oder aber zum selber mischen von e-Liquids gebraucht wird. Bitte Aromen nicht pur dampfen. Zubehör Für Selbstmischer Flaschen Spritzen Eppis (Reaktionsgefäß) Für Selbstwickler Edelstahlsieb (ESS) Edelstahlseil Silikatschnur Wickeldraht Für E-zigaretten Ständer / Halter Drip Tips Taschen und Cases Was fällt unter Zubehör? Unter unsere Kategorie Zubehör haben wir alles gepackt, was man für eine andere Sache benötigt. Zum Beispiel Flaschen und Spritzen zum mischen oder Draht und Schnurr zum Wickeln. Händlerbereich Menu Startseite Hardware   Akkus & Ladegeräte   Akkus für Akkuträger Ladegeräte eGo-Akkus Akkuträger   Mechanische MOD's Regelbare MOD's Hybrid MOD's E-Zigarette / Sets   Für Einsteiger für Fortgeschrittene Für Profis Verdampfer   Anfänger Fortgeschrittene Selbstwickelverdampfer Flüssigkeiten Neu   Aromen   Clubaroma (CA) Pink Spot Vapor (PSV) Tasty Puff (TP) Basis Liquid   Traditionale Basis Aurora Fifty-Fifty Propylenglycol Glycerin Summer-Fresh e-Liquids   EGOdampf EGOsky EGOvapor Club Liquid NEU Zubehör   Für Selbstmischer   Flaschen Spritzen Eppis (Reaktionsgefäß) Für Selbstwickler   Edelstahlsieb (ESS) Edelstahlseil Silikatschnur Wickeldraht Für E-zigaretten   Ständer / Halter Drip Tips Taschen und Cases Händlerbereich Warenkorb - 0 Artikel Zur Kasse Sie haben keine Artikel in Ihrem Einkaufswagen. Startseite / Drip Tip- Daumen Hoch- 510er (violett) Drip Tip- Daumen Hoch- 510er (violett) 0 Bewertung(en) | Bewertung schreiben Schnellübersicht Drip Tip \"Daumen Hoch\" 510er / Farbe: Violett / Material: Polymer (Kunstoff) / Anschlußart: 510er Für Preisbenachrichtigungen anmelden 3,99 € Inkl. 19% MwSt. , zzgl. Versandkosten Auf Lager Nur 15 verbleibend Lieferzeit: 2-3 Tage SKU : 104739 Mit diesem Produkt verdienen Sie 8 Bonus-Punkt(e). Menge In den Warenkorb View Detail Bitte warten Sie … Wir aktualisieren Shopping Bag. -oder- ODER Hinzufügen um zu vergleichen | Zum Wunschzettel hinzufügen | E-Mail an einen Freund Produktbeschreibung Tags Bewertungen Bewertung schreiben Details Drip Tip \"Daumen Hoch\" 510er (violett)   Mach mal keinen breiten Daumen! Dir braucht auch niemand die Daumen zu drücken, denn Du bist als Dampfer ja kein Normalo, sondern Du hast Humor und liebst das Außergewöhnliche. Wenn Du den Daumen Hoch Drip Tip auf den 510er Verdampfer steckst und Dein Liquid inhalierst, so zeigst Du beim Dampfen, dass für Dich immer der Daumen nach oben zeigt! Auch als Geschenk sorgen die Daumen Hoch Drip Tips für Lachen und stets gute Laune. Auf gehts! Daumen hoch!   Farbe: violett Material: Plastik (Kunstoff) Anschluß: 501   Produkttags Fügen Sie Ihre Tags hinzu: Tags hinzufügen Verwenden Sie Leerzeichen um Tags zu trennen. Verwenden Sie Apostrophe (') für Phrasen. Schreiben Sie Ihr eigenes Review Nur registrierte Benutzer können Bewertungen schreiben. Bitte loggen Sie sich ein oder registrieren Sie sich Newsletter Senden   Versand Frei Ab 20 € Zahlbetrag   Kontakt Tel.: +49 (0) 201 874690 60 Kontakt  +49 (0) 201 874690 60  info@clubderdampfer.de   Krablerstr. 127 - 45326 Essen Mein Konto Anmelden Warenkorb anzeigen Sendung verfolgen Bestellungen Information AGB Privatsphäre und Datenschutz Impressum Widerrufbelehrung / Widerrufsformular Nützliches Versandkosten Beliebte Suchbegriffe F.A.Q. Häufig gestellte Fragen Site Map Sitemap Suchbegriffe Erweiterte Suche Bestellungen und Retouren Kontakt Helfen Sie uns Magento gesund zu halten - Melden Sie alle Fehler (ver. 1.9.0.1) © 2013 SKYHORSE Deutschland UG (haftungsbeschränkt) - Krablerstr. 127 - 45326 Essen. All Rights Reserved. FOLLOW US ON:         ","title":"Club der Dampfer Drip Tip \"Daumen Hoch\" 510er (violett) Ezigaretten, Liquids, Basen und Aromen","desc":"<DIV>Drip Tip \"Daumen Hoch\" 510er (violett)</DIV> <DIV> <DIV>&nbsp;</DIV> <DIV> <DIV>Mach mal keinen breiten Daumen! Dir braucht auch niemand die Daumen zu drücken, denn Du bist als Dampfer ja kein Normalo, sondern Du hast Humor und liebst das Außergewöhn","details":{"length":4672,"language":"de","date":"2014/10/31 16:18:35","type":"application/xhtml+xml","country":""},"crawling":{"duration":"1","date":"2014/10/31 16:18:35"},"metas":[{"name":"viewport","value":"width=device-width, initial-scale=1, maximum-scale=1"},{"name":"description","value":"<DIV>Drip Tip \"Daumen Hoch\" 510er (violett)</DIV> <DIV> <DIV>&nbsp;</DIV> <DIV> <DIV>Mach mal keinen breiten Daumen! Dir braucht auch niemand die Daumen zu drücken, denn Du bist als Dampfer ja kein Normalo, sondern Du hast Humor und liebst das Außergewöhn"},{"name":"keywords","value":"drip tip, daumen hoch drip tip, 510er drip tip, 901 drip tip, fuck you, finger"},{"name":"robots","value":"INDEX,FOLLOW"}],"uri":{"protocol":"http","domain":"de.clubderdampfer.","url":"http://clubderdampfer.de/drip-tip-daumen-hoch-510er-violett.html"}}},{"_index":"de_content_201410","_type":"resourceQ","_id":"http://alteserien.de/artikel_28369.htm","_score":1.0, "_source" : {"body":" Startseite Warenkorb ich biete an FAQ ich suche Kontakt Bildergalerie Porzellanbörse in Henstedt-Ulzburg >> Warenkorb Startseite Deutsche Hersteller Englische Hersteller Französische Hersteller Italienische Hersteller Skandinavische Herst. Hersteller aus aller Welt Kaffeeservice kompl. Speiseservice kompl. Teeservice kompl. Glaswaren Bestecke/Silberwaren Kunstobjekte Sammelteller Poltergeschirr Accessoires Gutscheine Weihnachten Kunst in der Porzellanbörse Tel 04193/757940 von Mo-Fr 13-15 Uhr Ausgezeichnet.org Zurück Glaswaren Rosenthal Blütenkelch   Scherbenfarbe Material Kristallglas Designer spülmaschinenfest k.A. Artikelzustand gebraucht zus. Beschreibung Sonstiges Detailansicht des Blütenkelches     If you have any questions please let us know.   Preis: 0,00 € inkl. MwSt. zzgl. Versandkosten      zur Zeit ausverkauft Alle Preise inkl. MwSt. zzgl. Versandkosten AGB | Impressum | Datenschutz | Verbraucherinformationen | Versandkosten | Sitemap ","title":"Dekoransicht - Alte Serien","desc":"Altes Porzellan und alte Serien von Herstellern wie Rosenthal, Villeroy&Boch, Hutschenreuther und vielen anderen","details":{"length":962,"language":"de","date":"2014/10/31 16:18:32","type":"application/xhtml+xml","country":""},"crawling":{"duration":"1","date":"2014/10/31 16:18:32"},"metas":[{"name":"copyright","value":""},{"name":"generator","value":"cipero Internetlösungen"},{"name":"keywords","value":"Porzellan, Hamburg, Serien, England, Frankreich, Friesland, alt, Fürstenberg, Fürstenberg, Hutschenreuther, Rosenthal, Skandinavien, Altes Porzellan diverser Hersteller, Villeroy&Boch, Teller, Tasse, Service"},{"name":"description","value":"Altes Porzellan und alte Serien von Herstellern wie Rosenthal, Villeroy&Boch, Hutschenreuther und vielen anderen"},{"name":"google-site-verification","value":"k_CIzL1rhdrFKOmhUNHHaHAwQjzlDbhp4Llbn63bQ3E"}],"uri":{"protocol":"http","domain":"de.alteserien.","url":"http://alteserien.de/artikel_28369.htm"}}},{"_index":"de_content_201410","_type":"resourceQ","_id":"http://atz-schrauber.de/index.php?webiscoparams=yto0ontzoje4oijmywhyemv1z2hlcnn0zwxszxiio2k6oda7czoxmzoid2viaxnjb2fjdglvbii7czoxntoizmfocnpldwdhdxn3ywhsijtzojq6inn0zxaio2k6mttzojk6imjhdwdydxbwzsi7atoxmdawmtm7fq%3d%3d&webiscosession=6524375d6f6e6fec58a89f242aa1daa7a2b","_score":1.0, "_source" : {"body":" Ersatzteile: Abgasanlage Achsantrieb Achsaufhängung / Radführung / Räder Achsschenkel / -reparatursatz Achsträger / Achskörper / -lagerung Artikelsuche über Grafik Dom- / Querlenkerstrebe Federbeinbefestigung / -lagerung Gelenke Lenker / Lenkerlagerung Rad / Radbefestigung Radnabe / -lagerung Reifendruck-Kontrollsystem Spurverbreiterung Stabilisator / -befestigungsteile Streben / Stangen Werkzeuge Anhängevorrichtung / -anbauteile Bremsanlage Druckluftanlage Elektrik Federung / Dämpfung Filter Getriebe Heizung / Lüftung Hybrid Informations- / Kommunikationssysteme Innenausstattung Karosserie Klimaanlage Komfortsysteme Kraftstoffaufbereitung Kraftstoffförderanlage Kupplung / -anbauteile Kühlung Lenkung Motor Nebenantrieb Radantrieb Räder / Reifen Riementrieb Scheibenreinigung Scheinwerferreinigung Schließanlage Service- / Inspektions- / Wartungsteile Sicherheitssysteme Transportvorrichtung Zubehör Zünd- / Glühanlage Wenn Kunden-Login vorhanden, bitte hier eintragen (Werkstätten etc.) Noch keine Login-Daten? - Einfach telefonisch anfordern! 08167 / 95500 - 0 Sie können auch ohne Login den Shop benutzen!!!! Login: Passwort: Zugang vergessen? Registrieren Schritt eins: Definieren Sie zunächst Ihr Fahrzeug entweder mit der Fahrzeugauswahl (dort auf \"ändern\" klicken), oder geben Sie im Bereich darunter direkt die Daten aus Ihrem Fahrzeugschein zu2 / zu3 in die dafür vorgesehenen Felder ein. Schritt zwei: Falls Sie eine Artikelnummer und/oder Referenznummer haben, können Sie diese direkt im Feld \"Suche\" eingegeben. Sie haben auch die Möglichkeit, dort Suchbegriffe einzugeben. Schritt drei: Mithilfe des Fahrzeugteilegruppen-Suchbaums können Sie Ersatzteile suchen. Wenn mittels vorheriger Fahrzeugauswahl FZ-Daten vorhanden sind, finden Sie dort die fahrzeugspezifischen Teile. Wenn Sie Unterstützung benötigen, rufen Sie uns unter folgenden Nummer an: 08167 / 95500 - 0 und/oder schreiben uns eine Email an info@autoteile-zolling.de. Artikel im  Warenkorb: 0 Summe: 0,00 € Suche: Fahrzeugauswahl ändern Noch kein Fahrzeug gewählt Fahrzeug auswählen Manuelle Auswahl: Fahrzeughersteller wählen ... AC AIXAM ALFA ROMEO ALPINA ALPINE AMERICANMOTORS(FORD) ARO ARTEGA ASIA MOTORS ASTON MARTIN AUDI AUSTIN AUSTIN-HEALEY AUTO UNION AUTOBIANCHI BARKAS BEDFORD BENTLEY BERTONE BITTER BMW BORGWARD BRILLIANCE BUGATTI BUICK CADILLAC CALLAWAY CATERHAM CHEVROLET CHRYSLER CITROËN DACIA DAEWOO DAF DAIHATSU DAIMLER DE LOREAN DODGE FERRARI FIAT FISKER FORD FORD USA FSO GAZ GEELY GLAS GMC HOLDEN HONDA HUMMER HYUNDAI INFINITI INNOCENTI IRMSCHER ISDERA ISUZU IVECO JAGUAR JEEP KIA KTM LADA LAMBORGHINI LANCIA LAND ROVER LANDWIND (JMC) LDV LEXUS LIGIER LINCOLN LOTUS LTI MAHINDRA MARCOS MASERATI MAYBACH MAZDA MCLAREN MERCEDES-BENZ METROCAB MG MINELLI MINI MITSUBISHI MITSUOKA MORGAN MORRIS MOSKVICH NISSAN NSU OLDSMOBILE OPEL PEUGEOT PIAGGIO PININFARINA PLYMOUTH PONTIAC PORSCHE PROTON PUCH RENAULT RENAULT TRUCKS RILEY ROLLS-ROYCE ROVER SAAB SANTANA SEAT SHUANGHUAN SKODA SMART SPYKER SSANGYONG STREETSCOOTER SUBARU SUZUKI TALBOT TATA (TELCO) TAZZARI TESLA THINK TOYOTA TRABANT TRIUMPH TVR UAZ VAUXHALL VECTOR VOLVO VW WARTBURG WIESMANN ZASTAVA ZAZ Fahrzeugmodell wählen ... 100 NX (B13) 200 SX (S13) 200 SX (S14) 280 ZX,ZXT (HGS130) 300 ZX (Z31) 300 ZX (Z32) 350 Z (Z33) 350 Z Roadster (Z33) 370 Z (Z34) 370 Z Roadster (Z34) ALMERA I (N15) ALMERA I Hatchback (N15) ALMERA II (N16) ALMERA II Hatchback (N16) ALMERA TINO (V10) BLUEBIRD (910) BLUEBIRD (B610) BLUEBIRD (T72 , T12) BLUEBIRD (U11) BLUEBIRD Coupe (910) BLUEBIRD Hatchback (T72, T12) BLUEBIRD Station Wagon (WU11) BLUEBIRD Traveller (W910) CHERRY (E10) I CHERRY II Coupe (N10) CHERRY II Hatchback (N10) CHERRY II Traveller (VN10) CHERRY III (N12) CUBE (Z12) DATSUN 100 A (E10, BLF10) DATSUN 100 A Kombi (WBLF10) DATSUN 120 DATSUN 120 Y Coupe (KB 210) DATSUN 140 J DATSUN 140 Y Kombi (HLB310) DATSUN 160 J (710, A10) DATSUN 180 B (PL810) DATSUN 240 Coupe (C210) GT-R (R35) INTERSTAR Bus (X70) INTERSTAR Kasten (X70) INTERSTAR Pritsche/Fahrgestell JUKE (F15) KUBISTAR (X76) KUBISTAR Kasten LAUREL (HLC230) LAUREL (JC31) LAUREL (JC32) LEAF MAXIMA II (J30) MAXIMA QX (A32) MAXIMA QX (A33) MAXIMA Station Wagon MICRA C+C (K12) MICRA I (K10) MICRA II (K11) MICRA III (K12) MICRA IV (K13) MURANO (Z50) MURANO (Z51) NAVARA (D40) NAVARA Pritsche/Fahrgestell (D40) NOTE NOTE (E11) NP300 NV200 EVALIA NV200 Kasten NV400 Bus NV400 Kasten NV400 Pritsche/Fahrgestell PATHFINDER PATHFINDER (R50) PATHFINDER (R51) PATROL GR I (Y60, GR) PATROL GR II Wagon (Y61) PATROL Hardtop (K160) PATROL Hardtop (K260) PATROL Station Wagon (W160) PATROL Station Wagon (W260) PICK UP (720) PICK UP (D21) PICK UP (D22) PIXO (UA0) PRAIRIE (M10, NM10) PRAIRIE PRO (M11) PRIMASTAR Bus (X83) PRIMASTAR Kasten (X83) PRIMERA (P10) PRIMERA (P11) PRIMERA (P12) PRIMERA Hatchback (P10) PRIMERA Hatchback (P11) PRIMERA Hatchback (P12) PRIMERA Traveller (W10) PRIMERA Traveller (WP11) PRIMERA Traveller (WP12) QASHQAI QASHQAI / QASHQAI +2 (J10, JJ10) SERENA (C23M) SILVIA (S110) SILVIA (S12) STANZA (T11) STANZA Hatchback (T11) SUNNY (140Y, 150Y) SUNNY I (B11) SUNNY I Coupe (B11) SUNNY I Traveller (B11) SUNNY II (N13) SUNNY II Coupe (B12) SUNNY II Hatchback (N13) SUNNY II Traveller (B12) SUNNY III (N14) SUNNY III Hatchback (N14) SUNNY III Liftback (N14) SUNNY III Traveller (Y10) SUNNY Kasten (Y10) SUNNY Traveller (140Y, 150Y) TERRANO I (WD21) TERRANO II (R20) TIIDA Schrägheck (C11X) TIIDA Stufenheck (SC11X) TRADE Bus TRADE Kasten TRADE Kasten TRADE Kasten/Kombi TRADE Pritsche/Fahrgestell TRADE Pritsche/Fahrgestell TRADE Pritsche/Fahrgestell URVAN Bus (E23) URVAN Bus (E24) URVAN Kasten (E23) URVAN Kasten (E24) VANETTE Bus (C22) VANETTE Bus (KC120) VANETTE CARGO Bus (HC 23) VANETTE CARGO Kasten (HC 23) VANETTE Kasten VANETTE Kasten (C22) X-TRAIL (T30) X-TRAIL (T31) Automatische Auswahl über Fahrzeugschein: HSN (zu 2/2.1): TSN (zu 3/2.2): Auswahl über Motorcode: Motorcode: 100 NX (B13) 200 SX (S13) 200 SX (S14) 280 ZX,ZXT (HGS130) 300 ZX (Z31) 300 ZX (Z32) 350 Z (Z33) 350 Z Roadster (Z33) 370 Z (Z34) 370 Z Roadster (Z34) ALMERA I (N15) ALMERA I Hatchback (N15) ALMERA II (N16) ALMERA II Hatchback (N16) ALMERA TINO (V10) BLUEBIRD (910) BLUEBIRD (B610) BLUEBIRD (T72 , T12) BLUEBIRD (U11) BLUEBIRD Coupe (910) BLUEBIRD Hatchback (T72, T12) BLUEBIRD Station Wagon (WU11) BLUEBIRD Traveller (W910) CHERRY (E10) I CHERRY II Coupe (N10) CHERRY II Hatchback (N10) CHERRY II Traveller (VN10) CHERRY III (N12) CUBE (Z12) DATSUN 100 A (E10, BLF10) DATSUN 100 A Kombi (WBLF10) DATSUN 120 DATSUN 120 Y Coupe (KB 210) DATSUN 140 J DATSUN 140 Y Kombi (HLB310) DATSUN 160 J (710, A10) DATSUN 180 B (PL810) DATSUN 240 Coupe (C210) GT-R (R35) INTERSTAR Bus (X70) INTERSTAR Kasten (X70) INTERSTAR Pritsche/Fahrgestell JUKE (F15) KUBISTAR (X76) KUBISTAR Kasten LAUREL (HLC230) LAUREL (JC31) LAUREL (JC32) LEAF MAXIMA II (J30) MAXIMA QX (A32) MAXIMA QX (A33) MAXIMA Station Wagon MICRA C+C (K12) MICRA I (K10) MICRA II (K11) MICRA III (K12) MICRA IV (K13) MURANO (Z50) MURANO (Z51) NAVARA (D40) NAVARA Pritsche/Fahrgestell (D40) NOTE NOTE (E11) NP300 NV200 EVALIA NV200 Kasten NV400 Bus NV400 Kasten NV400 Pritsche/Fahrgestell PATHFINDER PATHFINDER (R50) PATHFINDER (R51) PATROL GR I (Y60, GR) PATROL GR II Wagon (Y61) PATROL Hardtop (K160) PATROL Hardtop (K260) PATROL Station Wagon (W160) PATROL Station Wagon (W260) PICK UP (720) PICK UP (D21) PICK UP (D22) PIXO (UA0) PRAIRIE (M10, NM10) PRAIRIE PRO (M11) PRIMASTAR Bus (X83) PRIMASTAR Kasten (X83) PRIMERA (P10) PRIMERA (P11) PRIMERA (P12) PRIMERA Hatchback (P10) PRIMERA Hatchback (P11) PRIMERA Hatchback (P12) PRIMERA Traveller (W10) PRIMERA Traveller (WP11) PRIMERA Traveller (WP12) QASHQAI QASHQAI / QASHQAI +2 (J10, JJ10) SERENA (C23M) SILVIA (S110) SILVIA (S12) STANZA (T11) STANZA Hatchback (T11) SUNNY (140Y, 150Y) SUNNY I (B11) SUNNY I Coupe (B11) SUNNY I Traveller (B11) SUNNY II (N13) SUNNY II Coupe (B12) SUNNY II Hatchback (N13) SUNNY II Traveller (B12) SUNNY III (N14) SUNNY III Hatchback (N14) SUNNY III Liftback (N14) SUNNY III Traveller (Y10) SUNNY Kasten (Y10) SUNNY Traveller (140Y, 150Y) TERRANO I (WD21) TERRANO II (R20) TIIDA Schrägheck (C11X) TIIDA Stufenheck (SC11X) TRADE Bus TRADE Kasten TRADE Kasten/Kombi TRADE Pritsche/Fahrgestell URVAN Bus (E23) URVAN Bus (E24) URVAN Kasten (E23) URVAN Kasten (E24) VANETTE Bus (C22) VANETTE Bus (KC120) VANETTE CARGO Bus (HC 23) VANETTE CARGO Kasten (HC 23) VANETTE Kasten VANETTE Kasten (C22) X-TRAIL (T30) X-TRAIL (T31)    Webisco Shop 3.6 ©2007-2014  ByteRider GmbH Autoteile Zolling • Weinmoos 6 • 85406 Zolling • Tel.: 08167 / 95500 - 0 • Fax: 08167 / 95500 - 19 Öffnungszeiten: Montag bis Freitag von 8.00 - 18.00 Uhr • Samstag von 9.00 - 12.30 Uhr Impressum ","title":"ATZ-Schrauber - das Schrauberportal von Autoteile Zolling","desc":null,"details":{"length":8706,"language":"de","date":"2014/10/31 16:18:35","type":"text/html","country":""},"crawling":{"duration":"1","date":"2014/10/31 16:18:35"},"metas":[{"name":"viewport","value":"initial-scale = 1.0, maximum-scale = 1.0, user-scalable = no, width = device-width"}],"uri":{"protocol":"http","domain":"de.atz-schrauber.","url":"http://atz-schrauber.de/index.php?webiscoparams=yto0ontzoje4oijmywhyemv1z2hlcnn0zwxszxiio2k6oda7czoxmzoid2viaxnjb2fjdglvbii7czoxntoizmfocnpldwdhdxn3ywhsijtzojq6inn0zxaio2k6mttzojk6imjhdwdydxbwzsi7atoxmdawmtm7fq%3d%3d&webiscosession=6524375d6f6e6fec58a89f242aa1daa7a2b"}}},{"_index":"de_content_201410","_type":"resourceQ","_id":"http://wolfdahmke.de/phpbb3/viewtopic.php?f=29&sid=ff2403428b5a94283a717dcee1074eaa&t=820","_score":1.0, "_source" : {"body":" www.wolfdahmke.de Zum Inhalt Erweiterte Suche Foren-Übersicht ‹ TUS Stusie ‹ Veranstaltungen ‹ Anmeldungen ‹ alte Veranstaltungen Ändere Schriftgröße Druckansicht FAQ Anmelden Herren Doppel (26.-28. August 2011) Ablage von alten Veranstaltungsplanungen oder Anmeldungen Antwort erstellen 8 Beiträge • Seite 1 von 1 Herren Doppel (26.-28. August 2011) von wuffel » 24.04.2011, 11:45 Letztes Jahr fiel erstmals seit vielen Jahren eine Herrendoppelmeisterschaft mangels Beteiligung aus. Woran hat es gelegen? Wollen \"alt\" und \"jung\" nicht mehr gemeinsam spielen? Vorerst gebe ich mal keine Vorgaben und hoffe auf viele Anmeldungen. Anschließend sehen wir weiter.... Anmeldungen (Stand: 20.05.11) Nobby / ? Matthias / ? Sporting Wuffel wuffel Site Admin   Beiträge: 1074 Registriert: 28.05.2007, 14:58 Wohnort: Wuffelhaus Website Nach oben Re: Herren Doppel (26.-28. August 2011) von Mark » 01.08.2011, 14:45 Hallo liebe Doppelfreunde! Wie wäre es denn, wenn wir nach \"getrennten\" Einzelmeisterschaften, die Doppelmeisterschaften \"zusammen\" spielen würden ?! Es ist durchaus verständlich, das sich manch einer nicht anmelden möchte wenn Paarungen wie Mike/Christoph etc. an den Start gehen. Aus diesem Grund würden wir vom Herren-Team euch vorschlagen, das wir mal einen Mix aus Jung/Alt und stark/ambitioniert machen : Bedingung 1 wäre, das keine Spieler, die beim Einzelmeisterschaftsmodus das Endspielwochenende erreichen, also in den TOP 4 der JS oder der Herren stehen miteinander spielen. Somit kann es keine Teams wie Wolf/Mattias (in den JS-TOP4), Marco/Mark (Herren-TOP4) oder Wolf/Marco (JS und H-TOP4) geben! So gesehen könnten wir mindestens 8 Doppel an den Start bringen Und besser als auslosen ist es allemal denke ich! Gruß Mark Mark   Beiträge: 146 Registriert: 29.05.2007, 09:39 Nach oben Re: Herren Doppel (26.-28. August 2011) von Christoph » 05.08.2011, 08:12 Hallo Mark, ein sehr guter Vorschlag; auf diese Weise sollten die Meisterschaften nicht nur in diesem Jahr ohne Probleme ausgespielt werden können. Sportliche Grüße Der Tennis-Präsi Christoph   Beiträge: 15 Registriert: 03.03.2008, 16:27 Nach oben Re: Herren Doppel (26.-28. August 2011) von Nobby » 05.08.2011, 22:22 Hallo Mark, erstmal Glückwunsch zu Deinem Sieg in der Herren-Meisterschaft. Ich könnte mit Deinem Vorschlag sehr gut leben. Ich denke, wir könnten die Doppelmeisterschaften durchaus so austragen. Gruß vom JS-Einzelmeisterschaften-Loser Nobby Lehrling   Beiträge: 127 Registriert: 29.05.2007, 23:10 Nach oben Herren Doppel (26.-28. August 2011) von wuffel » 14.08.2011, 19:19 Hallo zusammen, ich möchte den Vorschlag von Mark sehr gerne aufgreifen und würde mir wünschen, dass sich im Idealfall 8 weitere Mitspieler finden, die den Finalisten zugelost werden können. Also liebe Herren der Schöpfung: Wer möchte am 26.- 28. August bei den nächsten Doppelmeisterschaften mitspielen? Folgende Sportler suchen einen Partner : 01) Mark 02) Christoph 03) Wolf 04) Matthias 05) Werner 06) Marco (nicht Sa zwischen 11-14h) Nähere Absprachen bei dem Double Fun Cup am kommenden Samstag. Wer dort nicht teilnehmen kann, sollte sich bitte schon vorher bei mir melden. Danke Zusagen: 07) Nobby 08) Walter (nicht am Freitag) 09) Gerd (nicht am Freitag) 10) Achim Absagen : Hans (Dänemark) Knut (Verletzung leider nicht ok!) Gruß Sporting Wuffel wuffel Site Admin   Beiträge: 1074 Registriert: 28.05.2007, 14:58 Wohnort: Wuffelhaus Website Nach oben Re: Herren Doppel (26.-28. August 2011) von Knut Hofmann » 23.08.2011, 12:06 Hallo Wuffel Da mein Fuß sich noch nicht wirklich gebessert hat, möchte ich in diesem Jahr an der Doppelmeisterschaft nicht teilnehmen. Gruß Knutchen Motorradweisheit: Erst anhalten, dann absteigen Knut Hofmann Lehrling   Beiträge: 74 Registriert: 05.06.2007, 07:33 Wohnort: Hofmanns Horst Nach oben Herren Doppel 27.August 2011 - keine Meisterschaft! von wuffel » 24.08.2011, 19:11 Hallo liebe Leute, wir kommen leider nicht auf 6 Doppelteams, so dass die Herren Doppelmeisterschaft 2011 leider ausfallen muss. Allerdings treffen wir (z.Z. 10 Anmeldungen, Marco kann erst ab 14h) uns am Samstag, 27.August um 11h auf der Anlage, bilden möglichst gleichstarke Mannschaften und machen einige Freundschaftsspiele. Bitte sagt noch einmal kurz Bescheid, falls ihr unter diesen Umständen nicht erscheinen wollt - Danke Sporting Wuffel wuffel Site Admin   Beiträge: 1074 Registriert: 28.05.2007, 14:58 Wohnort: Wuffelhaus Website Nach oben Letze Infos von wuffel » 25.08.2011, 14:51 Matthias kommt nicht, Ulli guckt vielleicht mal rein! Marco kommt, aber erst verspätet (nicht vor 14h) Info Wuffel wuffel Site Admin   Beiträge: 1074 Registriert: 28.05.2007, 14:58 Wohnort: Wuffelhaus Website Nach oben Beiträge der letzten Zeit anzeigen: Alle Beiträge 1 Tag 7 Tage 2 Wochen 1 Monat 3 Monate 6 Monate 1 Jahr Sortiere nach Autor Erstellungsdatum Betreff Aufsteigend Absteigend Antwort erstellen 8 Beiträge • Seite 1 von 1 Zurück zu alte Veranstaltungen Gehe zu: Wähle ein Forum aus ------------------ Privatforum    Wuffelcup (Ranglistenspiele)    Tipprunden       Ablage Tipprunde    Nostalgie....oder wie alles begann.... TUS Stusie    Veranstaltungen       Anmeldungen          alte Veranstaltungen    Punktspiele + Training       Training       Ablage Punktspiele/Training    Forderungsspiele (Tennis)       Forderung Ablage    Tennis Aktuell Wer ist online? Mitglieder in diesem Forum: 0 Mitglieder und 1 Gast Foren-Übersicht Das Team • Alle Cookies des Boards löschen • Alle Zeiten sind UTC Powered by phpBB © 2000, 2002, 2005, 2007 phpBB Group Deutsche Übersetzung durch phpBB.de ","title":"www.wolfdahmke.de • Thema anzeigen - Herren Doppel (26.-28. August 2011)","desc":null,"details":{"length":5586,"language":"de","date":"2014/10/31 16:18:35","type":"application/xhtml+xml","country":""},"crawling":{"duration":"1","date":"2014/10/31 16:18:35"},"metas":[{"name":"resource-type","value":"document"},{"name":"distribution","value":"global"},{"name":"copyright","value":"2000, 2002, 2005, 2007 phpBB Group"},{"name":"keywords","value":""},{"name":"description","value":""}],"uri":{"protocol":"http","domain":"de.wolfdahmke.","url":"http://wolfdahmke.de/phpbb3/viewtopic.php?f=29&sid=ff2403428b5a94283a717dcee1074eaa&t=820"}}},{"_index":"de_content_201410","_type":"resourceQ","_id":"http://torkado.de/zauberspiegel/index.php?boardid=12&page=board&s=7190e5c636904092f7626eceee0c5891eb86c8c9","_score":1.0, "_source" : {"body":" Sie sind nicht angemeldet. Anmelden Registrieren Sprache ändern Deutsch Englisch Ungelesene Beiträge Unbeantwortete Themen Themen der letzten 24 Stunden Erweiterte Suche Entdeckerforum Zauberspiegel Forum Hilfe Torkado Resonanz-Programm PSE Links Entdeckerforum Zauberspiegel » Fraktale und ihre Erforschung Lieber Besucher, herzlich willkommen bei: Entdeckerforum Zauberspiegel. Falls dies Ihr erster Besuch auf dieser Seite ist, lesen Sie sich bitte die Hilfe durch. Dort wird Ihnen die Bedienung dieser Seite näher erläutert. Darüber hinaus sollten Sie sich registrieren, um alle Funktionen dieser Seite nutzen zu können. Benutzen Sie das Registrierungsformular, um sich zu registrieren oder informieren Sie sich ausführlich über den Registrierungsvorgang. Falls Sie sich bereits zu einem früheren Zeitpunkt registriert haben, können Sie sich hier anmelden. Fraktalbilder und Filme 3D-Fraktale : schwebende Städte und goldene Paläste Von Bea Mari (26. Januar 2014, 22:39) Themen 11 Beiträge 70 Bitte wählen: ----------------------- Zauberspiegel Wissenschaft Ideenfabrik      Interdisziplinär      Hypothesen Fein- und Grobstofflichkeit      Philosophisches, Zeitgeschichte, Kunst      Allgemeines      Wichtige Hinweise Termine Links Fraktale und ihre Erforschung      Fraktalbilder und Filme Archive      Archivierte Threads      Zum Archiv vom alten Parsimony-Forum Impressum Nutzungsbestimmungen Disclaimer Samstag, 5. Juli 2014, 06:10 Zum Seitenanfang Forensoftware: Burning Board®, entwickelt von WoltLab® GmbH Dauerhaft angemeldet bleiben? ","title":"Fraktale und ihre Erforschung - Entdeckerforum Zauberspiegel","desc":"Das Forum wendet sich an interdisziplinäre Grenzenüberschreiter der Naturwissenschaft, wie Privatforscher, Erfinder und Entdecker und die, die es werden wollen.","details":{"length":1551,"language":"de","date":"2014/10/31 16:18:34","type":"application/xhtml+xml","country":""},"crawling":{"duration":"1","date":"2014/10/31 16:18:34"},"metas":[{"name":"description","value":"Das Forum wendet sich an interdisziplinäre Grenzenüberschreiter der Naturwissenschaft, wie Privatforscher, Erfinder und Entdecker und die, die es werden wollen."},{"name":"keywords","value":"Entdecker Erfinder Ideen Neuigkeiten Wissen Spirit Physik alternativ Äther Häther Torkado Tornado Tesla Wirbel Raumwirbel Fraktal Fractal Fractals Fraktale Chaos Resonanz Leben lebendig Rückkopplung nichtlinear"}],"uri":{"protocol":"http","domain":"de.torkado.","url":"http://torkado.de/zauberspiegel/index.php?boardid=12&page=board&s=7190e5c636904092f7626eceee0c5891eb86c8c9"}}},{"_index":"de_content_201410","_type":"resourceQ","_id":"http://mazda323bg.de/misc.php?action=faq&sid=108b0d55a34c898fb24b9d8fc19e6795","_score":1.0, "_source" : {"body":"   Navigation » Startseite » Autogalerie » Suche » Mitgliederliste » Teamliste » Kalender » Forenhilfe » Registrieren Login Benutzername: Passwort ( Passwort vergessen?) Extras » Wer ist wo?   Suche Suche /script type= Mazda323BG.de Forum » Häufig gestellte Fragen » Hallo Gast [ Anmelden| Registrieren] Häufig gestellte Fragen Das Forum und sein Benutzer » Warum sollte ich mich registrieren? » Werden Cookies vom Forum benutzt? » Wie kann ich mein Profil bearbeiten? » Was kann ich tun, wenn ich mein Passwort vergessen habe? » Wofür ist die Signatur? » Wie bekomme ich ein Bild unter meinen Benutzernamen? » Was ist die Freunde-Liste und die Ignorierliste? » Was sind Favoriten? » Was sind Rangtitel und Rangzeichen? Das Forum und seine Benutzung » Wie kann ich das Forum durchsuchen? » Kann ich anderen Mitgliedern E-Mails schicken? » Was sind private Nachrichten? » Wie verwende ich die Mitgliederliste? » Wie benutze ich den Kalender? » Was sind Ankündigungen? » Kann ich Umfragen starten bzw. daran teilnehmen? » Wie bewerte ich ein Thema? » Kann ich andere Mitglieder bewerten? » Was sind Moderatoren? » Was sind Benutzerlevel? Beiträge lesen und schreiben » Gibt es bestimmte Textformatierungscodes, die ich in meinen Beiträgen benutzen kann? » Was sind Smilies? » BBCode Schnellauswahl und klickbare Smilies » Was sind Dateianhänge? » Was sind Beitrags-Symbole? » Kann ich meine eigenen Beiträge ändern? » Warum werden in meinem Beitrag Worte zensiert? » Was ist eine E-Mail-Benachrichtigung? » Was sind Präfixe? Forensoftware: Burning Board 2.3.6, entwickelt von WoltLab GmbH ","title":"Mazda323BG.de Forum | Häufig gestellte Fragen","desc":null,"details":{"length":1587,"language":"de","date":"2014/10/31 16:18:34","type":"application/xhtml+xml","country":""},"crawling":{"duration":"1","date":"2014/10/31 16:18:34"},"metas":[],"uri":{"protocol":"http","domain":"de.mazda323bg.","url":"http://mazda323bg.de/misc.php?action=faq&sid=108b0d55a34c898fb24b9d8fc19e6795"}}},{"_index":"de_content_201410","_type":"resourceQ","_id":"http://clan-of-living-deaths.de/clan/index.php?sid=9465aa23e760ca6aad0c5692beefcb5a","_score":1.0, "_source" : {"body":" Willkommen im -=[Cold-Board]=- Sie sind nicht angemeldet. Wenn dies Ihr erster Besuch hier ist, lesen Sie sich die Hilfe des Forums durch. Dort wird Ihnen die Bedienung des Forums näher erklärt. Sie müssen außerdem registriert sein, um alle Funktionen dieses Forums zu nutzen. Benutzen Sie das Registrierungsformular um sich zu registrieren oder informieren Sie sich ausführlich über den Registrierungsprozess. Um Beiträge zu lesen, suchen Sie sich das Forum aus, das Sie interessiert. Falls Sie bereits in diesem Forum registriert sind, können Sie sich hier anmelden.    Was ist TKO und wie funzt es? Moderiert von: 4 2      hal-han hat in Ihrer Stadt Ste... 21.10.2010 11:44 von  pumii    Allgemeine Infos Moderiert von: 1 1      Hinweise 19.08.2011 22:00 von  Sir.Bookie    B Jugend Der Bereich der B Jugend Moderiert von: 0 0 bisher keiner     Hier dringend lesen   Foren Beiträge Themen Letzter Beitrag Bewerbung bei -=[Cold]=- Hier kann sich jeder bewerben. Um so genauer deine Beschreibung desto größer die chance das wir dich Freischalten. Moderiert von: 5 4      Bewerbung bei -=Cold]=- VC / C... 20.10.2010 11:25 von  christoph.    D Jugend Der Bereich der B Jugend Moderiert von: 0 0 bisher keiner     Allgemeines & Hinweise   Foren Beiträge Themen Letzter Beitrag Allgemeines hier steht ne kleine Erklärung drin damit ihr wisst, wie was geht oder zu nutzen ist Moderiert von: 40 15      Auf Wiedersehen 08.08.2011 21:17 von  despo Haftungsausschluss & Impressum Moderiert von: 2 2      Geschützte Nicks und Avatare 20.12.2008 13:20 von  Sir.Bookie (MMORPG) und wir Moderiert von: 1 1      Die Wette \"Montag, 18. August ... 20.08.2008 12:33 von Cold-Buchhalter    Tips & Tricks Tips & Tricks fürs Game. Von User, für User Moderiert von: 21 13      Vorschläge 06.11.2010 19:05 von  CJMElectro    Fragen & Antworten Wer Fragen hat, hier rein Moderiert von: 36 10      Schlachteffizienz 27.10.2010 12:00 von  Oktavian    Handel Wer Rohstoffe braucht, einfach melden Moderiert von: 3 3      SU Holz 21.10.2010 00:40 von  Sir.Bookie    Kriege Welches BND hat mit uns Krieg? Moderiert von: 13 4      Angriffe von UnitedForce 27.10.2010 07:40 von  Sylvarus    Legion Hier sollte jeder seine Truppenstärke posten Moderiert von: 19 8      Legion 5 09.11.2010 09:33 von  CJMElectro    Angriff Alles zum Thema Angriff hier rein Moderiert von: 11 5      Roter Baron Imperator Erni 04.11.2010 07:36 von  CJMElectro    Für die Führung Moderiert von: 8 3      Fortschritt 19.10.2010 21:07 von  Sir.Bookie User im Chat | Zum Chat Zur Zeit sind 3 Benutzer online. Zur Zeit sind 3 Besucher im Forum unterwegs. Rekord: 120 Benutzer am 12.01.2014 08:00.   Statistik Mitglieder: 111 | Themen: 2554 | Beiträge: 5062 (durchschnittlich 2,30 Beiträge/Tag) Unser neuestes Mitglied heißt: Schneeherz. Anmelden Benutzername:      Passwort ( Passwort vergessen):      aktive Themen der letzten 24h | aktuelle Umfragen | alle Foren als gelesen markieren neue Beiträge     keine neuen Beiträge     Forum ist geschlossen     Forum ist ein externer Link Impressum   Style by Diabolo © 2008 PWC WBB Style | PWC Devilsgate  Forensoftware: Burning Board 2.3.6, entwickelt von WoltLab GmbH ","title":"-=[Cold-Board]=- | Startseite","desc":null,"details":{"length":3165,"language":"de","date":"2014/10/31 16:18:34","type":"application/xhtml+xml","country":""},"crawling":{"duration":"1","date":"2014/10/31 16:18:34"},"metas":[],"uri":{"protocol":"http","domain":"de.clan-of-living-deaths.","url":"http://clan-of-living-deaths.de/clan/index.php?sid=9465aa23e760ca6aad0c5692beefcb5a"}}},{"_index":"de_content_201410","_type":"resourceQ","_id":"https://hg-motorsport.de/shop/index.php/language/en/cat/c18706_power-box.html","_score":1.0, "_source" : {"body":"       Main page » Catalogue » Chiptuning » Power Box Ihr Konto | Warenkorb | Kasse Categories Air Intake & Pressure Pipes Air Intake / Air Filter Aluminium-Fittings Braketechnics Carbon hoods Carstyling exterior Chiptuning  -    ECU Programming  -    Power Box Cooling Fan Decompression Plates Engine Parts Exhaust Parts Fueling HG Racewear & Goodies Intake Manifold Intercooler Mounting part`s Oil Cooler Piping uni and car specific Silicone Hoses Suspension TECHling packages Turbocharger Turboheader Valves for charged Cars Welding Flanges More about...   Power Box         from 699,00 EUR incl. 19 % Tax excl. Shipping time: 2 Days - 1 Week   from 699,00 EUR incl. 19 % Tax excl. Shipping time: 2 Days - 1 Week Show 1 to 2 (of in total 2 products) Sites:   1  New Products BULL-X Streetline\"Y-Style 3\" exhaust system for Focus RS / ST from 999,00 EUR incl. 19 % Tax excl. Special offers instead 259,00 EUR only 219,00 EUR incl. 19 % Tax excl.       eCommerce Engine © 2006 xt:Commerce Shopsoftware Parse Time: 0.808s","title":"HG-Motorsport","desc":"HG-Motorsport tuning and carstyling products ladeluftkühler manufaktur","details":{"length":1021,"language":"en","date":"2014/10/31 16:18:35","type":"text/html","country":""},"crawling":{"duration":"1","date":"2014/10/31 16:18:35"},"metas":[{"name":"generator","value":"(c) by xt:Commerce v3.0.4 SP2.1 , http://www.xt-commerce.com"},{"name":"keywords","value":"HG-Motorsport, HG , Turbokits, Turbo, Lubeck, Luebeck, Turbokit, Motorsport, Turbokrummer,T3, T3/T4, Garrett, GT25,GT28RS,Tuning, Tuningteile, Carstyling, Motortuning, Chiptuning, Turbolader,Softwareabstimmung, Bilstein, Leistungsprufstand, Fahrwerk, Turb"},{"name":"description","value":"HG-Motorsport tuning and carstyling products ladeluftkühler manufaktur"},{"name":"ROBOTS","value":"NOODP"},{"name":"robots","value":"index,follow"},{"name":"Language","value":"EN"}],"uri":{"protocol":"https","domain":"de.hg-motorsport.","url":"https://hg-motorsport.de/shop/index.php/language/en/cat/c18706_power-box.html"}}},{"_index":"de_content_201410","_type":"resourceQ","_id":"http://mlmgoldmine.de/maximizer/mlm-firma--mlm-eigenbedarf--lead.html","_score":1.0, "_source" : {"body":"         Herzlich Willkommen Heil und 'erfolgreich' werden und sein an Körper, Geist und Seele - ist das für Dich der Sinn Deines Lebens? Dann bist Du hier genau richtig gelandet, herzlich willkommen! Ich freue mich, dass Du auf meiner Seite - einer Seite von Stephan Petrowitsch - gelandet bist. Ich wünsche Dir, dass Du hier hilfreiche Informationen findest, die Dein Leben bereichern, und falls das so ist, möchtest Du vielleicht mit mir Kontakt aufnehmen?! Das Ziel dieser Homepage war: Dich mit den 'Vorgehensweisen' und 'Strategien', die zu Heilung und Erfolg führen vertraut zu machen. Dir meine Angebote zu erläutern, die Dich dazu bringen, Deine Ziele zu erreichen, Und natürlich mit der von mir angebotenen Hilfe Geld zu verdienen. So kann ich immer mehr Konzentration von www.dvd-wissen.com abwenden, damit ich mit all dem, was ich im Laufe dieser Firma und bei vielen Seminaren und Aus- und Fortbildungen, die ich zusätzlich besucht habe, erworben habe, Menschen unterstützen kann, damit diese das Leben führen, von dem sie schon immer träumen. Was sind Deine Ziele? Wünschst Du Dir eines oder alle der folgenden Ziele zu verwirklichen? Möchtest Du in beruflicher Hinsicht erfolgreicher sein? Oder möchtest Du einfach mehr Zufriedenheit in dem erfahren, was Du schon erreicht hast und immer wieder erreichst? Leidest Du an der einen oder anderen Erkrankung oder der einen oder anderen körperlichen Beschwerde? Du möchtest deshalb Deine Selbstheilungskräfte stärken? Du hast Übergewicht und willst jetzt wieder Dein Idealgewicht besitzen? Du leidest an nervtötenden Ängsten, Sorgen und Zweifeln, und willst diese abbauen? Du hegst schon lange Träume für Dein Leben in Dir, und hast diese immer noch nicht verwirklicht? Du hast die tiefe Sehnsucht danach, Deinem Traummann/Deiner Traumfrau zu begegnen? Du leidest an häufiger innerlicher Unzufriedenheit, da in Dir das Wissen schlummert, dass es weit mehr gibt auf der Erde als die Materie?! Du möchtest dieses 'mehr' persönlich spüren, und möchtest selbst eine persönliche Beziehung zu dem Göttlichen aufbauen? Du möchtest also glücklich sein unabhängig von den äußeren Umständen, und das reine unverfälschte Glück spüren? Um Antworten für diese und noch viel mehr Fragen zu erhalten, klicke auf die nächste Überschrift: Körper, Geist und Seele Besuche die Webseite des von mir organisierten Seminars für Christliche Heilung von Roland Wäschle vom 13. - 15.09.2013 in Aystetten bei Augsburg. Besuchen Sie mich auf Google+","title":"Heil und 'erfolgreich' sein an Körper, Geist und Seele, Stephan Petrowitsch, München, mit Hypnose, Geistheilung","desc":"Heil und 'erfolgreich' sein an Körper, Geist und Seele, Stephan Petrowitsch, München, mit Hypnose, Geistheilung","details":{"length":2482,"language":"de","date":"2014/10/31 16:18:33","type":"text/html","country":""},"crawling":{"duration":"1","date":"2014/10/31 16:18:33"},"metas":[{"name":"author","value":"(c) copyright 2003, http://metatag-generator.fuerihrenerfolg.de"},{"name":"description","value":"Heil und 'erfolgreich' sein an Körper, Geist und Seele, Stephan Petrowitsch, München, mit Hypnose, Geistheilung"},{"name":"keywords","value":"München,Körper,Geist,Seele,Erfolg,Erfolgreich,Heiler,Geistheiler,Geistiges Heilen,Geistige Heilung,Geistiger Heiler,Christliches Heilen,Christlicher Heiler,Christliche Heilung,Geistheilung,Heilung,Heilen,Spirituelles Heilen,Spirituelle Heilung,Geistheilen,energetische Heilung,Heilen durch Handauflegen,Heilen mit Händen,Kundalini Energie,Kundalini Kraft,Kundalini erwecken,Kundalini Energie erwecken,spirituelle Heilung,Seele heilen,innere Heilung,die seele heilen,energetisch heilen"}],"uri":{"protocol":"http","domain":"de.mlmgoldmine.","url":"http://mlmgoldmine.de/maximizer/mlm-firma--mlm-eigenbedarf--lead.html"}}},{"_index":"de_content_201410","_type":"resourceQ","_id":"http://farbstifteforum.de/index.php?form=search&s=cc2932bc5a623f5be1542a30b00321c68f2410e2","_score":1.0, "_source" : {"body":" Sonntag, 6. Juli 2014, 07:13 UTC+1 Sie sind nicht angemeldet. Anmelden Dauerhaft angemeldet bleiben? Registrieren Sprache ändern Deutsch Englisch Stil wechseln Bei den Hobbykünstlern Christmastime coffee Das Farbstifteforum Herbstzeit kroko letter Merry Christmas Sonnenblume Venus Vision-Board-schwarz Vision_Board_blau Vision_Board_gruen Wintertime Portal Forum Galerie Chat Partner Hilfe Database Gast Team Facebook » Suche Lieber Besucher, herzlich willkommen bei: . Falls dies Ihr erster Besuch auf dieser Seite ist, lesen Sie sich bitte die Hilfe durch. Dort wird Ihnen die Bedienung dieser Seite näher erläutert. Darüber hinaus sollten Sie sich registrieren, um alle Funktionen dieser Seite nutzen zu können. Benutzen Sie das Registrierungsformular, um sich zu registrieren oder informieren Sie sich ausführlich über den Registrierungsvorgang. Falls Sie sich bereits zu einem früheren Zeitpunkt registriert haben, können Sie sich hier anmelden. Allgemeine Suchangaben Suche nach Begriff Suche nach Autor Exakter Treffer Im Zeitraum Im Zeitraum von: Tag 1 2 3 4 5 6 7 8 9 10 11 12 13 14 15 16 17 18 19 20 21 22 23 24 25 26 27 28 29 30 31 Monat Januar Februar März April Mai Juni Juli August September Oktober November Dezember Jahr bis: Tag 1 2 3 4 5 6 7 8 9 10 11 12 13 14 15 16 17 18 19 20 21 22 23 24 25 26 27 28 29 30 31 Monat Januar Februar März April Mai Juni Juli August September Oktober November Dezember Jahr Ergebnisse sortieren nach Ergebnisse sortieren nach Relevanz Betreff Datum Autor in aufsteigender Reihenfolge in absteigender Reihenfolge Suche in Suche in Foren Sicherheitsmaßnahme Sicherheitsfrage Welches Tier bellt? Antworten Katze Hund Igel Wählen Sie die richtige Antwort auf die Frage aus. Forensoftware: Burning Board® Lite 2.0.1, entwickelt von WoltLab® GmbH Dein eigenes kostenloses Forum bei Vision-Board anmelden Webhosting bzw. Webspace bei Speicherzentrum.de Impressum | Statistik | Mitglieder ","title":"Suche - ","desc":null,"details":{"length":1933,"language":"de","date":"2014/10/31 16:18:35","type":"application/xhtml+xml","country":""},"crawling":{"duration":"1","date":"2014/10/31 16:18:35"},"metas":[{"name":"description","value":""},{"name":"keywords","value":""},{"name":"robots","value":"noindex,nofollow"}],"uri":{"protocol":"http","domain":"de.farbstifteforum.","url":"http://farbstifteforum.de/index.php?form=search&s=cc2932bc5a623f5be1542a30b00321c68f2410e2"}}},{"_index":"de_content_201410","_type":"resourceQ","_id":"http://old-youngtimer-hzbg.de/index.php/bilder/9-treffen-2011-muehlviertel/detail/2009-ytc-087?tmpl=component","_score":1.0, "_source" : {"body":"   ","title":"Bilder - ytc-087","desc":null,"details":{"length":3,"language":"en","date":"2014/10/31 16:18:35","type":"application/xhtml+xml","country":""},"crawling":{"duration":"1","date":"2014/10/31 16:18:35"},"metas":[{"name":"generator","value":"Joomla! - Open Source Content Management"}],"uri":{"protocol":"http","domain":"de.old-youngtimer-hzbg.","url":"http://old-youngtimer-hzbg.de/index.php/bilder/9-treffen-2011-muehlviertel/detail/2009-ytc-087?tmpl=component"}}},{"_index":"de_content_201410","_type":"resourceQ","_id":"http://galerie77.de/2011.htm","_score":1.0, "_source" : {"body":"   Startseite 2011                                                   ","title":"Neue Seite 19","desc":null,"details":{"length":69,"language":"de","date":"2014/10/31 16:18:32","type":"text/html","country":""},"crawling":{"duration":"1","date":"2014/10/31 16:18:32"},"metas":[{"name":"GENERATOR","value":"Microsoft FrontPage 5.0"},{"name":"ProgId","value":"FrontPage.Editor.Document"}],"uri":{"protocol":"http","domain":"de.galerie77.","url":"http://galerie77.de/2011.htm"}}},{"_index":"de_content_201410","_type":"resourceQ","_id":"http://in-italy.de/mitglied/wienermaedl","_score":1.0, "_source" : {"body":" Zur Navigation springen Zum Content springen Italien Reise-Community Mitglied Passwort merken jetzt registrieren Reiseziele Artikel Galerie Forum Reisebüro Mitglieder Du bist da: Mitglieder Wienermaedl Reiseziel auswählen - Abruzzen Aosta Tal Apulien Basilikata Emilia-Romagna Friaul-Julisch Venetien Gardasee Kalabrien Kampanien Latium Ligurien Lombardei Marken Molise Piemont Sardinien Sizilien Toskana Trentino-Südtirol Umbrien Venetien Weitere Infos Nachricht senden Ins Gästebuch schreiben Aktuelle Angebote Flüge buchen Hotel buchen Ferienhaus buchen Pauschalreisen buchen Last-Minute Reisen buchen Mietwagen buchen Buchtipp Michael Müller Verlag: Marken Italien Newsletter Um den kostenlosen Italien Newsletter zu abonnieren, bitte einfach die E-Mail Adresse eingeben: Community auswählen Italien Travello Griechenland Frankreich Ungarn Kroatien Athen Kreta Samos Kykladen Peloponnes Venedig Toskana Gardasee Rom Reiseziel-Sponsoren Reiseziel-Sponsor werden Profil von Wienermaedl Profildaten Wienermaedl - MeerKulturSprachenLiebhaberin Mitglied - - Österreich 05.08.2012 10:42:57 557 x aufgerufen Nachricht senden Freundschaft schließen Ins Gästebuch schreiben 0 Freunde 0 Artikel 0 Fotos 37 besuchte Reiseziele 20 geplante Reiseziele 0 Gästebucheinträge 4 Forenbeiträge Über mich Immer interessiert an schönen Urlaubszielen :-) 37 besuchte Reiseziele Du darfst die besuchten Reiseziele von Wienermaedl leider nicht sehen! Alle besuchten Reiseziele anzeigen 20 geplante Reiseziele Du darfst die geplanten Reiseziele von Wienermaedl leider nicht sehen! Alle geplanten Reiseziele anzeigen   Impressum - Hilfe - Pressestimmen - Werbung - Nutzungsbedingungen - Datenschutz - Support - Seite melden © 2000 - 2013 Travello GmbH - Seite zuletzt aktualisiert: 12.06.2014 14:26:40 - Seite wurde generiert in: 0.25378 Sekunden ","title":"Profil von Wienermaedl - In-Italy.de","desc":null,"details":{"length":1826,"language":"de","date":"2014/10/31 16:18:35","type":"application/xhtml+xml","country":""},"crawling":{"duration":"1","date":"2014/10/31 16:18:35"},"metas":[{"name":"robots","value":"noindex, nofollow"},{"name":"verify-v1","value":"LaO/E5VRww72DD87Uau1Ta6E7HKfvls11Gcjq23nu04="}],"uri":{"protocol":"http","domain":"de.in-italy.","url":"http://in-italy.de/mitglied/wienermaedl"}}},{"_index":"de_content_201410","_type":"resourceQ","_id":"http://incinerate-gilde.de/board/index.php?sid=12ecc768189462259c183ec98f023072","_score":1.0, "_source" : {"body":" Foren-Übersicht Foren-Übersicht Ändere Schriftgröße FAQ Suche Registrieren Anmelden Aktuelle Zeit: Mi Jul 02, 2014 3:37 am Unbeantwortete Themen • Aktive Themen Öffentlicher Bereich Themen Beiträge Letzter Beitrag Bewerbungen 91418 Themen 94404 Beiträge Letzter Beitrag von damydaythiply So Dez 08, 2013 6:26 am Anmelden  •   Registrieren Benutzername:  Passwort:  | Mich bei jedem Besuch automatisch anmelden Wer ist online? Insgesamt sind 0 Besucher online: 0 registrierte, 0 unsichtbare und 0 Gäste (basierend auf den aktiven Besuchern der letzten 5 Minuten) Der Besucherrekord liegt bei 68 Besuchern, die am Sa Dez 01, 2012 10:54 am gleichzeitig online waren. Mitglieder: 0 Mitglieder Legende: Administratoren, Globale Moderatoren Statistik Beiträge insgesamt: 114260 • Themen insgesamt: 91559 • Mitglieder insgesamt: 1897 • Unser neuestes Mitglied: UnsariWheenna Foren-Übersicht Das Team Alle Cookies des Boards löschen Alle Zeiten sind UTC + 1 Stunde Powered by phpBB® Forum Software © phpBB Group, built by Dinosaurs Deutsche Übersetzung durch phpBB.de ","title":"Foren-Übersicht | INCINERATE BOARD","desc":null,"details":{"length":1061,"language":"de","date":"2014/10/31 16:18:33","type":"application/xhtml+xml","country":""},"crawling":{"duration":"1","date":"2014/10/31 16:18:33"},"metas":[{"name":"resource-type","value":"document"},{"name":"distribution","value":"global"},{"name":"keywords","value":""},{"name":"description","value":""}],"uri":{"protocol":"http","domain":"de.incinerate-gilde.","url":"http://incinerate-gilde.de/board/index.php?sid=12ecc768189462259c183ec98f023072"}}},{"_index":"de_content_201410","_type":"resourceQ","_id":"http://nva-forum.de/nva-board/index.php?s=d751507594c6fc423e5b7120e853f53f","_score":1.0, "_source" : {"body":" NVA-Forum   Hilfe        Suche        Mitglieder        Kalender Willkommen Gast ( Login | Registrieren ) Bestätigungs-Mail erneut senden Startseite Forum WikiNVA Chat Strukturen Fotos Dokumente Zeitleisten Herunterladen   NVA-Forum Hallo, Dein letzter Besuch war am Mittwoch, 02.Juli 2014, 03:37 Uhr   Allgemeine und geschichtliche Themen Forum Themen Antworten Letzter Beitrag ALLGEMEIN: Dokumente Reden, Artikel usw. über die es sich zu diskutieren lohnt bzw. welche nicht in Vergessenheit geraten sollen 46 1294 Mittwoch, 05.Februar 2014, 00:17 Uhr Thema:  Planung V Corps (USA) von: eljem SPEZIELL: Personen der Zeitgeschichte Forum moderiert von: Moderatoren 183 4195 Dienstag, 01.Juli 2014, 23:30 Uhr Thema:  Christian Führer von: Bernd-Ro SPEZIELL: Ehrennamen Forum moderiert von: Moderatoren 305 1849 Dienstag, 24.Juni 2014, 19:28 Uhr Thema:  Hermann Danz von: Arthur00He SPEZIELL: Objekte auf dem Territorium der DDR Forum moderiert von: Moderatoren 118 4608 Dienstag, 17.Juni 2014, 10:48 Uhr Thema:  Ehrenmale von: OldMan SPEZIELL: Die Kubakrise 1962 Bereich für Themen rund u die Vorgänge der Jahre 1961 und 1962 in und um Kuba 4 283 Sonntag, 04.Mai 2014, 21:36 Uhr Thema:  Kuba-Krise... von: OldMan     Technik der NVA Forum Themen Antworten Letzter Beitrag Objekte und Einrichtungen Forum moderiert von: Moderatoren 110 2785 Dienstag, 13.Mai 2014, 15:13 Uhr Thema:  Objekt FRA 233 Kreuzbruchho... von: Ritchie     Grenztruppen der DDR Forum Themen Antworten Letzter Beitrag Andere Grenzen des WV zur NATO Bereich für de anderen Staaten des Warschauer Vertrages zu Staaten der NATO Forum moderiert von: Moderatoren 13 560 Sonntag, 01.Juni 2014, 13:48 Uhr Thema:  Grenzen zu Staaten des WV von: Thunderhorse     andere bewaffnete Organe der DDR (Kampfgruppen, MfS, Zoll, MdI) Forum Themen Antworten Letzter Beitrag Gesellschaft für Sport und Technik (GST) Strukturen und Organisation der GST der DDR. Forum moderiert von: Moderatoren 38 1600 Donnerstag, 12.Juni 2014, 07:31 Uhr Thema:  Segelschulschiff WILHELM PIECK von: Speedy Kampfgruppen (KG) Strukturen und Einsatzgrundsätze, Ausrüstung und Bewaffnung der Kampfgruppen. Forum moderiert von: Moderatoren 25 1174 Samstag, 07.Juni 2014, 23:08 Uhr Thema:  Fahnen, Banner und Ehrensch... von: Schlutup Zivilverteidigung Forum moderiert von: Moderatoren 31 606 Sonntag, 01.Juni 2014, 17:01 Uhr Thema:  Frage Dienststelle von: Schlutup     Die DDR Forum Themen Antworten Letzter Beitrag Politik/Parteien/Organisationen in der DDR Von den \"Jungen Pionieren\" bis zur \"Volkssolidarität\" Forum moderiert von: Moderatoren, DD-Steffen 35 1873 Dienstag, 25.Februar 2014, 17:42 Uhr Thema:  * Jung- und Thälmannpioniere von: ADK-125/2 Besondere Vorkommnisse in der DDR Daten und Fakten Forum moderiert von: Moderatoren, DD-Steffen 25 857 Dienstag, 27.Mai 2014, 22:24 Uhr Thema:  Meinungsbildung und Meinung... von: OldMan Medien der DDR \"Bummi\" bis \"Sputnik\" und natürlich Film, Fernsehen, Radio Forum moderiert von: Moderatoren, DD-Steffen 99 3769 Mittwoch, 04.Juni 2014, 14:18 Uhr Thema:  \"Freie\" Presse in der DDR von: ovmsteff Technik und Objekte der DDR Von \"Robotron\" bis \"Interflug\" Forum moderiert von: Moderatoren, DD-Steffen 60 1873 Dienstag, 17.Juni 2014, 08:45 Uhr Thema:  Amphibian Wartburg von: EDGE-Henning Leben in der DDR Worüber man sprach und worüber man nicht sprach. Was hat man gegessen und getrunken? Forum moderiert von: Moderatoren, DD-Steffen 199 15839 Montag, 16.Juni 2014, 15:05 Uhr Thema:  Trabbi 601 von: Neissekind     weitere politische, militärpolitische und geschichtliche Themen Forum Themen Antworten Letzter Beitrag internationale Konfliktherde/Kriegsschauplätze Dokumente, Artikel und Diskussionen zu aktuellen Kriegsschauplätzen bzw. zu potenziellen Konfliktherden Forum moderiert von: Moderatoren 183 13542 Dienstag, 01.Juli 2014, 22:57 Uhr Thema:  Ukraine von: Alexej Bundeswehr, NATO, andere Armeen Forum moderiert von: Moderatoren 563 15631 Sonntag, 22.Juni 2014, 19:25 Uhr Thema:  Trooping the Colour 2014 von: WernerG aktuelle militärtechnische Fragen Hier werden militärtechnische Probleme der Gegenwart, Zukunft oder jüngsten Vergangenheit diskutiert. Die Betonung sollte beim Begriff MilitärTECHNIK (nicht POLITIK) liegen. Forum moderiert von: Moderatoren 123 2191 Montag, 23.Juni 2014, 20:35 Uhr Thema:  Übung im zentralen Militärb... von: Hogo aktuelle Außenpolitik Forum moderiert von: Moderatoren 120 5362 Freitag, 27.Juni 2014, 09:52 Uhr Thema:  Wer regiert die Welt? von: ovmsteff deutsche Innenpolitik Forum moderiert von: Moderatoren 377 21033 Dienstag, 01.Juli 2014, 22:36 Uhr Thema:  Böse Drohnen von: ADK-125/2 allgemeine militärgeschichtliche Themen Forum moderiert von: Moderatoren 305 14869 Montag, 30.Juni 2014, 07:44 Uhr Thema:  Nur zur Erinnerung von: Alexej allgemeine geschichtliche Themen Forum moderiert von: Moderatoren 587 9290 Montag, 30.Juni 2014, 22:14 Uhr Thema:  Der andere 3.11. von: OldMan     WikiNVA Forum Themen Antworten Letzter Beitrag Allgemeine Fragen Diskussionen und Hilfen zu WikiNVA 16 231 Sonntag, 13.April 2014, 22:08 Uhr Thema:  Armeefilmstudio der NVA von: boofinger Diskussion zu den Artikeln In diesem Forum besteht die Möglichkeit zu den veröffentlichten Artikeln Stellung zu nehmen, Fragen zu stellen und sie fachlich zu ergänzen. 6 307 Dienstag, 18.Oktober 2011, 18:53 Uhr Thema:  \"Artillerie der NVA\" (Autor... von: bronski Diskussion zu den Standorten/Einheiten In diesem Forum besteht die Möglichkeit die Struktur (Einheiten, Standorte ...) zu korrigieren, Fragen zu stellen und Anregungen (zu diesem Bereich) zu geben. (Ansprechpartner sind die Projektleiter \"tbbmx200\" und \"forgetit\") 5 88 Sonntag, 09.Februar 2014, 16:30 Uhr Thema:  Sondershausen von: orlow     Projekte des NVA-Forums Forum Themen Antworten Letzter Beitrag Die Struktur der NVA Anregungen, Ergänzungen, Korrekturen zum Projekt \"Die Struktur der NVA\" http://www.nva-struktur.de Forum moderiert von: Moderatoren 28 1195 Freitag, 28.Februar 2014, 16:30 Uhr Thema:  Aufteilung einer MSD in der... von: bronski Zeittafel für die NVA und Ihre Vorgänger (HVA, KVP) offener Projektbereich. Forum moderiert von: Moderatoren 344 442 Sonntag, 30.März 2014, 08:54 Uhr Thema:  Der 30.09. in der Geschicht... von: Thunderhorse Neuer Ansatz zur Diskussion - Geschichte der NVA Forum moderiert von: Moderatoren 20 1543 Dienstag, 04.März 2014, 06:21 Uhr Thema:  Wie hoch war die \"Militaris... von: R-363 Projektgruppe 06 Interner Projektbereich. Projektleiter: Forgetit, Admin Forum moderiert von: Moderatoren 17 130 Montag, 17.Februar 2014, 12:28 Uhr Thema:  Geschütztes Forum von: tbbmx200 Projektgruppe 07 Interner Projektbereich. Projektleiter: Bronski Forum moderiert von: bronski, hadischa 30 1230 Samstag, 16.April 2011, 15:04 Uhr Thema:  Geschütztes Forum von: hadischa Disziplinareinheit Schwedt geschlossener Projektbereich. Projektleiter: DD-Steffen Forum moderiert von: Moderatoren, DD-Steffen 99 673 Montag, 30.November 2009, 17:25 Uhr Thema:  Geschütztes Forum von: ralle324 Weitere (inaktive oder abgeschlossene) Projekte des NVA-Forums Projekte, welche ruhen oder abgeschlossen sind. Nachfragen bitte an den Administrator oder die jeweiligen Projektleiter Forum moderiert von: Moderatoren 50 2084 Donnerstag, 02.Januar 2014, 10:35 Uhr Thema:  Alarmauslösung bei belgisch... von: Günter1u     weitere interessante (und weniger interessante) Themen - Sonstiges Forum Themen Antworten Letzter Beitrag Nachdenkliches In diesem Thema sollen ernstgemeinte Themen und Beiträge von unseren Mitgliedern, über unsere Mitglieder, über unsere Erfahrungen, Geschichte, unser Wünsche, Erwartungen und Hoffnungen diskutiert werden. Themen, die man sich auch nach einem Jahr gerne noch einmal durchliest. Forum moderiert von: Moderatoren, Trapperleise 32 483 Mittwoch, 21.Mai 2014, 19:43 Uhr Thema:  Nachruf von: Werner Ferner Büchertips und Buchhinweise Hinweise auf Bücher, welche sich mittelbar oder/und unmittelbar mit den bewaffneten Organen der DDR auseinander setzen. Forum moderiert von: Moderatoren 395 6081 Dienstag, 01.Juli 2014, 16:33 Uhr Thema:  NVA-Kalender 2015 von: Berufssoldat Treffen des NVA-Forums 25 2025 Sonntag, 29.Juni 2014, 08:43 Uhr Thema:  Jüterbog 2014 von: PKE Andere Treffen und Veranstaltungen rund um die NVA 148 5726 Dienstag, 03.Juni 2014, 19:46 Uhr Thema:  Großflugtag Großenhain 31.5... von: OldMan Fernsehhinweise Hinweise auf Filme aller Art 83 2508 Dienstag, 24.Juni 2014, 12:35 Uhr Thema:  Im Westen nichts Neues von: OldMan     Forum intern Forum Themen Antworten Letzter Beitrag Nutzungsregeln Forum moderiert von: Moderatoren 24 436 Donnerstag, 05.Juni 2014, 18:12 Uhr Thema:  Zählung der geleisteten Bei... von: tanne81   Quick Login Moderatoren-Team | Heute aktive Themen | Heutige 10 Top-Poster | Die 10 Top-Poster Board-Statistik 23 aktive Benutzer in den letzten 15 Minuten 22 Gäste, 1 Mitglieder 0 Anonyme Mitglieder Stabsfähnrich Zeige detailiert nach: Letztem Klick, Mitgliedername Mitglieder-Geburtstage 1 Mitglied feiert heute seinen/ihren Geburtstag Olli Oltn( 51) Statistik Wer war heute online? Zeige Statistik Kalendereinträge in den nächsten 14 Tagen Es gibt keine Kalendereinträge Board-Statistik Wir haben insgesamt 591427 Beiträge 8316 registrierte Mitglieder Neuestes Mitglied: atoll116 Online Rekord: 355 Benutzer, am Sonntag, 12.Februar 2012, 20:12 Uhr Cookies löschen · Alle Beiträge als gelesen markieren Powered by Invision Power Board(U) v1.3 Final © 2003   IPS, Inc. Skin Created by Scyth ( Shadowillusions.com) ","title":"NVA-Forum (Powered by Invision Power Board)","desc":null,"details":{"length":9488,"language":"de","date":"2014/10/31 16:18:33","type":"application/xhtml+xml","country":""},"crawling":{"duration":"1","date":"2014/10/31 16:18:33"},"metas":[],"uri":{"protocol":"http","domain":"de.nva-forum.","url":"http://nva-forum.de/nva-board/index.php?s=d751507594c6fc423e5b7120e853f53f"}}},{"_index":"de_content_201410","_type":"resourceQ","_id":"http://shop.neueerde.de/auf-den-schwingen-der-intuition/numerologie/?sid=u4n71lrp57rja3697fktfpe0g2","_score":1.0, "_source" : {"body":" EUR EUR EUR GBP CHF USD Konto Konto Mein Konto Mein Artikelvergleich Mein Merkzettel Mein Wunschzettel Meine Lieblingslisten Telefonisch bestellen: 0681 595 398 0 Startseite Verlagsseite Weitere Projekte Shop Informationen Sie haben Ihr Passwort vergessen? Kein Problem, hier können Sie ein neues Passwort einrichten. Ihre E-Mail-Adresse: Bitte Wert angeben! Bitte geben Sie eine gültige E-Mail-Adresse ein Passwort anfordern Nachdem Sie den 'Passwort anfordern'-Knopf angeklickt haben, schicken wir Ihnen eine E-Mail zu, mit der Sie Ihr Passwort ändern können. Sollten Sie innerhalb der nächsten Minuten KEINE E-Mail mit Ihren Zugangsdaten erhalten, so überprüfen Sie bitte: Haben Sie sich in unserem Shop bereits registriert? Wenn nicht, so tun Sie dies bitte einmalig im Rahmen des Bestellprozesses. Sie können dann selbst ein Passwort festlegen. Sobald Sie registriert sind, können Sie sich in Zukunft mit Ihrer E-Mail-Adresse und Ihrem Passwort einloggen. Wenn Sie sich sicher sind, dass Sie sich in unserem Shop bereits registriert haben, dann überprüfen Sie bitte, ob Sie sich bei der Eingabe Ihrer E-Mail-Adresse evtl. vertippt haben. Sollten Sie trotz korrekter E-Mail-Adresse und bereits bestehender Registrierung weiterhin Probleme mit dem Login haben und auch keine \"Passwort vergessen\"-E-Mail erhalten, so wenden Sie sich bitte per E-Mail an: shop@neue-erde.de Login Login E-Mail-Adresse Passwort ? Passwort merken Login Login mit: a Registrieren Auf den Schwingen der Intuition Engel Lenormand Liederbücher Numerologie Orakel Pendel Tarot CDs Heilen mit der Kraft der Natur Bachblüten Baumheilkunde Elektrosmog Heilende Stimmgabeln Hot Stones Massagen Steinheilkunde Wasser Im Einklang mit Erde und Kosmos Baumwissen Geomantie Hexenweisheit Kelten Kraftplätze Naturwesen Runen Schamanismus In der Bewegung der Natur Akupressur Akupunktur Feng Shui Metamorphische Methode Reflexzonen Reiki und Energiearbeit Tierkommunikation Yoga und Pilates Die Kunst, zu leben Geschichten und Erzählungen Kostenlose PDF-Downloads Sie sind hier: /  Auf den Schwingen der Intuition /  Numerologie Auf den Schwingen der Intuition (45) Engel (14) Lenormand (2) Liederbücher (5) Numerologie (2) Orakel (11) Pendel (4) Tarot (13) CDs (35) Tags therapie sterne selbsthilfe psychologie planetenkonstellationen planeten pipette lebenshilfe karten intuition interpretation horoskop heilsteine gestirne energie edelsteine edelstein charakter astrologie analyse Weiter... Numerologie Neue Erde Shop/Auf den Schwingen der Intuition/NumerologieArtikel Sortierung: Wählen Name Name Preis Preis Preis Preis Artikel pro Seite: 10 10 20 50 100 Ansicht: Galerie zweispaltig Galerie zweispaltig Galerie Liste Produktdetails Zahl und Stein vergleichen 14,90 € * Gewicht: 0.28 kg In den warenkorb Produktdetails Das Große Handbuch der Numerologie vergleichen 17,90 € * Gewicht: 0.45 kg In den warenkorb Newsletter Abonnieren * Alle Preise inkl. MwSt., zzgl. Versandkosten. SERVICE Kontakt Hilfe Links Gästebuch Warenkorb Konto Merkzettel Mein Wunschzettel Öffentlicher Wunschzettel INFORMATIONEN Über uns Kontakt & Impressum AGB und Widerrufsrecht Datenschutz & Sicherheit Verpackung und Versand Widerrufsrecht Wie bestellen? Newsletter AUTOREN Akaike, Annerose Almerim Arroyo, Stephen Ashworth, David Bachstein, Rebecca Bauer, Franca Bauer, Wolfgang Baumeister, Suraya Berger, Markus Berthold, Erika Beschow, Ulrike Blate, Michael Bleis, Carola Bollen, Marian Böckl, Manfred Brooks Licis, Phyllis Brönnle, Stefan Buckstone, Simon Bühling, Daniel Caland, Magdalena Mehr... KATEGORIEN Auf den Schwingen der Intuition (45) Heilen mit der Kraft der Natur (77) Im Einklang mit Erde und Kosmos (86) In der Bewegung der Natur (27) Die Kunst, zu leben (90) Geschichten und Erzählungen (18) Kostenlose PDF-Downloads (8) Neue Erde - Spirituelle Ökologie und Naturphilosophie - Heilsteine und Geomantie - The Deeper Secret Die Merowinger - Lebensbaumhaus - Baum-Welt - Freunde der Bäume e.V. Impressum Hinweis zum Datenschutz bei der Nutzung der Facebook Plugins Hier können Informationen zur Übermittlung personenbezogener Daten an Facebook hinterlegt werden. Bei der Nutzung der Facebook Plugins wird eine Verbindung zu Facebook hergestellt, damit Sie Inhalte mit anderen Usern teilen können. Sollten Sie beim Besuch des Online-Shops die Plugins nutzen und gleichzeitig bei Facebook eingeloggt sein, werden personenbezogene Daten automatisch an Facebook übermittelt. Der Umfang der Datenerhebung sowie die weitere Verarbeitung und Nutzung der Daten kann in den Datenschutzhinweisen von Facebook nachgelesen und individuell konfiguriert werden. *: inkl. MwSt., zzgl. Versandkosten. ","title":"Steinheilkunde, Geomantie und mehr | Numerologie ","desc":"Sie sind hier  Auf den Schwingen der Intuition - Numerologie. Neue Erde Shop","details":{"length":4651,"language":"de","date":"2014/10/31 16:18:34","type":"text/html","country":""},"crawling":{"duration":"1","date":"2014/10/31 16:18:34"},"metas":[{"name":"description","value":"Sie sind hier  Auf den Schwingen der Intuition - Numerologie. Neue Erde Shop"},{"name":"keywords","value":"den, schwingen, intuition, numerologie"},{"name":"og:site_name","value":"http://shop.neueerde.de/"},{"name":"fb:app_id","value":"349605871735653"},{"name":"og:title","value":"Steinheilkunde, Geomantie und mehr | Numerologie "},{"name":"og:type","value":"website"},{"name":"og:image","value":"http://shop.neueerde.de/out/azure/img/basket.png"},{"name":"og:url","value":"http://shop.neueerde.de/"}],"uri":{"protocol":"http","domain":"de.neueerde.shop.","url":"http://shop.neueerde.de/auf-den-schwingen-der-intuition/numerologie/?sid=u4n71lrp57rja3697fktfpe0g2"}}},{"_index":"de_content_201410","_type":"resourceQ","_id":"http://sunkvezimis-statybos-iranga.de/fahrzeug-detail.php?id=370&l=ru","_score":1.0, "_source" : {"body":" ACR-Juretzki, Hans-Böckler-Str. 22a, D-40764, Langenfeld Tel: (00 49) 21 73 - 101 49 80 | e-mail: info@acr-juretzki.de Главная Предложиния транспортных средств Предложиния О нас Контакт Импринт Вакансии Грузовики Categories Грузовики Автокран Автомобилевоз Автомобиль для перевозки животных Автомобиль с пищевым контейнером Автомобиль-мусоровоз Автомобиль-цистерна Бетономешалка Бетононасос Бортовая платформа Бортовая платформа с тентом Буксирный автомобиль Вакуумно-напорная машина Гидравлическая рабочая платформа Грузовик с погрузочно-разгрузочным устройством скользящего типа Грузовой автомобиль со спальным местом Зерноперевозчик Карьерный самосвал Кузов-фургон Лесовоз Напитки Подметально-уборочная машина Рефрижератор Самосвал Сменное шасси Трехсторонний самосвал Шасси Прицепы / Полуприцепы Автокран Автомобилевоз Бортовая платформа Бортовая платформа с тентом Бункер Грузовик-длинномер Кузов-фургон Кузов-цистерна Лесовоз Напитки Низкорамный погрузчик Перевозка животных/лошадей Пищевой контейнер Платформа Подвижный пол Рефрижератор Самосвал Сменное шасси Шасси машины Compaction Technology Асфальтирование машин Буровая установка Каток Колесный погрузчик Колесный экскаватор Почва стабилизатор Рабочая платформа Стационарные краны Строительная техника грейдер гусеничный бульдозер компактный экскаватор экскаватор экскаваторы-погрузчики DAF DOPPSTADT IVECO JCB MAN MERCEDES-BENZ RENAULT SCANIA VOLVO VW Transport sector vehicles Timber transport and processing Livestock Transporter Special transport vehicles Construction vehicles Food and refrigeration industry vehicles Transport of liquid substances Agricultural vehicles Municipal and special vehicles Aрхив MAN LE 12.280 Schlafkabine [+] Для увеличения нажмите на изображение Xарактеристики Производитель: MAN Первая регистрация,год производства: 09 2005 Mощность: 206 KW (280 лс) двигатель мощностью: 0 cm 3 Тип топлива: дизель Цвет: красный Количство осей: 2 колесная формула: 4x2 Кабина: Дальние перевозки Подвеска: рессора/пневмо / Air Коробка передачь: механика gearbox () Евронорма: EURO 3 Полная масса: 11.990 kg Пустой вес: 6.390 kg Полезная нагрузка: 5.600 kg Пробег: 439.000 Дополнительная комплектация - обогреватель - круиз-контроль - ABS - фаркоп/крючок для трейлера - описание Ausstattung: Aufbau Abmessungen: (L/B/H) 6,12 x 2,47 x 2,38m. Gardine Plane, Edscha-Dach, Standheizung, 1Liege, Blatt/Luft Federung, 8 Gang Getriebe mechanisch, Motorbremse, el.Spiegel, el.Fensterheber, Spoiler, Sonnenblende, Tempomat, AHK Ringfeder, Reifen 285/70R19,5 VA ca.5-7 mm. HA ca.6mm. Radstand: 4.500 mm. Leergewicht: 6.390 kg. Nutzlast: 5.600 kg. Guter Zustand, 1. Hand, deutsche Zulassung, T�V bis 02.2012. * Alle Angaben ohne Gew�hr. Irrt�mer und Zwischenverkauf vorbehalten. Mowimy po Polsku, We speak english. * - Контакт ACR-Juretzki Nutzfahrzeughandels GmbH Hans-Boeckler-Str. 22a D-40764, Langenfeld tel.: (00 49) 21 73 - 101 49 80 tel.: (00 49) 21 73 - 101 49 8 11 fax: (00 49) 21 73 - 101 49 8 10 e-mail: info@acr-juretzki.de Часы работы: Понедельник - Пятница: 09.00 - 18.00 Суббота: 09.00 - 13.00 Контактное лицо: Rafael Siodlak *** Все данные без гарантии. Право на права продажи защищены. Мы говорим на немецком, польском, английском. *** Folgen sie uns auf facebook Unser RSS-Feed « unsere AGB »(c) 2007 ACR Autohandel weitere Tags: Ankauf und Verkauf gebrauchter LKW Truck Trucks Construction Equipment Kamion Kamioni Gradevinski Strojevi Ciezarowki Maszyny Budowlane Lastebil Maarakennuskoneet Sunkvezimis Statybos Iranga Camion Macchine Movimento Terra Nakladni Autostavebni Stroje a Zarizeni Gruzovik Gruzoviki Stroitelnoe Oborudovanie Vrachtwagen Vrachtwagens Bouwmachines Kravas Automasina Celtniecibas Tehnika LKW LKWs Baumaschinen Camion Camions Materiel de Construction Kamionok Teherauto Epitoipari Gepek ","title":"MAN LE 12.280 Schlafkabine цена 999.999,- EUR","desc":"MAN LE 12.280 Schlafkabine LE 12.280 Schlafkabine , цена 999.999,- EUR","details":{"length":3800,"language":"ru","date":"2014/10/31 16:18:35","type":"application/xhtml+xml","country":""},"crawling":{"duration":"1","date":"2014/10/31 16:18:35"},"metas":[{"name":"keywords","value":"LE 12.280 Schlafkabine, Грузовики, Коммерческие автомобили, aвтомобили, Трейлеры, Полуприцепы, Строительные транспортные средства, Грузовики, Контейнеровозы / сменные кузова грузовики, Седельный тягач / трактор, Грузовик шасси, Трейлеры / Полуприцепы, Автобусы, Кран манипулятор Кран автомобиль, Строительные транспортные средства, Грузовые микроавтобусы , aвтомобили, Грузовые автомобили, автомобили, коммерческие автомобили, грузовые автомобили, автомобилей, прицепов, полуприцепов, автобусов, тракторов, фургоны, купить, продать, прицепов, полуприцепов, тракторов, автобусов, строительной техники, погрузчиков, сельскохозяйственной техники, автобусов, тракторов, фургонов, продать, купить, грузовиков, прицепов, полуприцепов , полуприцепов, тракторов, автобусов, строительной техники, погрузчиков, сельскохозяйственной техники "},{"name":"description","value":"MAN LE 12.280 Schlafkabine LE 12.280 Schlafkabine , цена 999.999,- EUR"},{"name":"distribution","value":"global"},{"name":"robots","value":"index, follow"},{"name":"revisit-after","value":"2 days"}],"uri":{"protocol":"http","domain":"de.sunkvezimis-statybos-iranga.","url":"http://sunkvezimis-statybos-iranga.de/fahrzeug-detail.php?id=370&l=ru"}}},{"_index":"de_content_201410","_type":"resourceQ","_id":"http://dachdecker-oberpfalz.de/hp549/informationen-fuer-presse-und-endverbraucher.htm?itserv=c748e551bx1467553b444x5fa8","_score":1.0, "_source" : {"body":" Dachdecker-Innung Oberpfalz und Kreis Kelheim Ditthornstrasse 10 93055 Regensburg Deutschland Tel.: 0941 6076510 Fax: 0941 6076514 E-Mail: info@khs-regensburg.de Internet: http://www.dachdecker-oberpfalz.de Startseite Aktuelles Kontakt Impressum Die Innung Tätigkeitsbereiche Ein- und Aufsteiger Betriebe Informationen für Presse und Endverbraucher Termine Intern Informationen für Presse und Endverbraucher   Informationen Informationen zum Dachdeckerhandwerk finden Sie bei Life-PR. Unter folgendem Link kommen Sie zu Life-PR    http://www.lifepr.de/presscorner/iframe.bayerisches-dachdeckerhandwerk-landesinnungsverband.html                                             ccc Links Dachdecker-Innung Oberpfalz und Kreis Kelheim • Ditthornstraße 10 • 93055 Regensburg • Telefon 0941 6076510 • Fax 0941 6076514 ","title":"Informationen für Presse und Endverbraucher | Dachdecker-Innung Oberpfalz und Kreis Kelheim","desc":"Informationen für Presse und Endverbraucher | Dachdecker-Innung Oberpfalz und Kreis Kelheim","details":{"length":810,"language":"de","date":"2014/10/31 16:18:36","type":"text/html","country":""},"crawling":{"duration":"1","date":"2014/10/31 16:18:36"},"metas":[{"name":"Robots","value":"index,follow"},{"name":"keywords","value":"Informationen für Presse und Endverbraucher | Dachdecker-Innung Oberpfalz und Kreis Kelheim"},{"name":"description","value":"Informationen für Presse und Endverbraucher | Dachdecker-Innung Oberpfalz und Kreis Kelheim"},{"name":"generator","value":"auctores CMS"},{"name":"author","value":"auctores"}],"uri":{"protocol":"http","domain":"de.dachdecker-oberpfalz.","url":"http://dachdecker-oberpfalz.de/hp549/informationen-fuer-presse-und-endverbraucher.htm?itserv=c748e551bx1467553b444x5fa8"}}},{"_index":"de_content_201410","_type":"resourceQ","_id":"http://s-e-j.de/stellenangebote/index.php?sid=6db7b656a501f9478ca6256803d5e756","_score":1.0, "_source" : {"body":" SAUERMANN • EPPLE • JUROWSKY Stellenangebote Steuerfachangestellte(r) Bachelor-Kaufleute, Bachelor-Betriebswirte/-in Ausbildungsplatz: Steuerfachangestellte/r Steuerfachangestellte(r) Sie haben gerade eine Ausbildung im Steuerfach mit gutem Erfolg abgeschlossen oder Sie konnten bereits Berufserfahrungen sammeln und suchen eine interessante und aussichtsreiche Tätigkeit in einem dynamisch wachsenden Umfeld. Über die Routinetätigkeiten hinaus haben Sie Interesse an der eigenen fachlichen Weiterentwicklung und bringen die Bereitschaft mit, Ihre Kenntnisse und Fertigkeiten durch laufende Schulungen auszubauen. Ihr zukünftiges Tätigkeitsgebiet umfasst die laufende Finanz- und Lohnbuchführung, das Erstellen von Jahresabschlüssen und Einnahme-Überschussrechnungen sowie die Bearbeitung betrieblicher und privater Steuererklärungen. Auf der Grundlage dieser laufenden Betreuung unseres breit gefächerten Mandentenstammes werden wir Sie schrittweise in die qualifizierte steuerliche Gestaltungsberatung einarbeiten. nach oben Bachelor-Kaufleute, Bachelor-Betriebswirte/-in Sie haben in einem wirtschaftswissenschaftlichen Studiengang examiniert und suchen einen Berufseinstieg in der mittelständischen Steuerberatung und Wirtschaftsprüfung. Falls Sie bereits erste Berufserfahrungen in diesen Bereichen gesammelt haben und berufliche Veränderung suchen, sollten Sie sich ebenfalls angesprochen fühlen. Wir bieten Ihnen die Möglichkeit, sich umfassend in alle Tätigkeiten der qualifizierten Steuerberatung und Wirtschaftsprüfung einzuarbeiten und Ihre im Hochschulstudium gewonnenen Kenntnisse schrittweise zu vertiefen. Sie werden auf der Grundlage einer laufenden und kontinuierlichen Betreuung unserer Mandanten die ganze Breite der fachlichen und persönlichen Anforderung an unsere Berufsstände erfahren. Neben der Einbindung in die Erarbeitung steuerlicher Gestaltungsmodelle sowohl unserer privaten als auch unserer betrieblichen Mandanten werden Sie an den von uns durchgeführten Prüfungs- und Erstellungstätigkeiten teilnehmen. Sie sollten das Interesse und die Bereitschaft mitbringen, die dynamische Entwicklung auf den Gebieten des Steuer- und Prüfungswesens durch Ihre eigene fachliche und persönliche Weiterbildung zu begleiten, um die Anforderungen unserer Mandanten kompetent erfüllen zu können. Im Rahmen der Vorbereitung auf das Steuerberater- und/oder Wirtschaftsprüferexamen werden wir Sie angemessen unterstützen. nach oben Ausbildungsplatz: Steuerfachangestellte/r Der nächste Ausbildungsbeginn ist der 1. August 2011. Die Ausbildung dauert in der Regel 3 Jahre, eine Verkürzung der Ausbildungszeit ist möglich. Um einen ersten Einblick in die Tätigkeiten bei einer mittelständischen Steuerberatungskanzlei zu erhalten, ist ein vorheriges Praktikum nach Vereinbarung wünschenswert. Sie werden in einem freundlichen Team gefördert und gefordert. Sie werden erleben, dass Arbeitserfolge in einem offenen und fairen Arbeitsklima Spaß machen und einen wertvollen und bereichernden Bestandteil Ihres Lebens darstellt. Voraussetzungen: Abitur oder Abschluss der Höheren Handelsschule; Gute Noten in den Hauptfächern (Mathematik und Deutsch); Sorgfältige und gewissenhafte Arbeitsweise; EDV-Kenntnisse in Excel und Word für Windows; schnelle Auffassungsgabe; gute Allgemeinbildung und Weiterbildungsbereitschaft; gutes Gespür für Texte, Zahlen und Daten. nach oben Bitte schicken Sie Ihre vollständigen Bewerbungsunterlagen an: SAUERMANN • EPPLE • JUROWSKY Wirtschaftsprüfer, Steuerberater Herrn Dr. Kai Sauermann Neusser Straße 93 50 670 Köln zur Startseite © 2014 Sauermann • Epple • Jurowsky | Impressum Startseite Kompetenzen Über uns Aktuelle Meldungen Steuern visuell Download & Service Stellenangebote Kontakt Anfahrt ","title":"Sauermann - Epple - Jurowsky: Stellenangebote","desc":null,"details":{"length":3740,"language":"de","date":"2014/10/31 16:18:32","type":"application/xhtml+xml","country":""},"crawling":{"duration":"1","date":"2014/10/31 16:18:32"},"metas":[{"name":"language","value":"de"}],"uri":{"protocol":"http","domain":"de.s-e-j.","url":"http://s-e-j.de/stellenangebote/index.php?sid=6db7b656a501f9478ca6256803d5e756"}}},{"_index":"de_content_201410","_type":"resourceQ","_id":"http://deutsche-exportdatenbank.de/fd__h._k._heun_gitterroste_gmbh/4034689","_score":1.0, "_source" : {"body":"   Firmenprofil: H. K. Heun Gitterroste GmbH 1. (1 Firma) zurück zur Firmenliste   H. K. Heun Gitterroste GmbH Am Hochofen 12-20, 35688 Dillenburg Tel: +49(0)2771 8998-0, Fax: +49(0)2771 5056 info@heun-gitterroste.de www.heun-gitterroste.de Leistungsprofil   7 / 1011.63   Gitterroste 17 / 3127.13   Bodenablaufrinnen Handelsregister   HRB 3036, Wetzlar Unternehmensleitung Geschäftsführung   Marc Willgenss Umsatzsteuer Ident-Nr.   DE 111 795 514 Gründungsjahr   1882 Alle Rechte vorbehalten Verlag W. Sachon © ","title":"Firmenprofil: H. K. Heun Gitterroste GmbH","desc":null,"details":{"length":512,"language":"de","date":"2014/10/31 16:18:35","type":"text/html","country":""},"crawling":{"duration":"1","date":"2014/10/31 16:18:35"},"metas":[],"uri":{"protocol":"http","domain":"de.deutsche-exportdatenbank.","url":"http://deutsche-exportdatenbank.de/fd__h._k._heun_gitterroste_gmbh/4034689"}}},{"_index":"de_content_201410","_type":"resourceQ","_id":"http://dokumente.ios-regensburg.de/amburger/index.php?id=10132","_score":1.0, "_source" : {"body":"   Startseite Datensatz anzeigen Suchmaske Externe Ressourcen: Namenslisten Quellenverzeichnis (pdf)   Datensatz: auswählen   Diesen Datensatz bearbeiten... Datensatz oid: 10731 Person Person Geschlecht: männlich Nachname: Bilow Vornamen: Alexander Berufsklasse: Jurist Herkunft Herkunft geburtsort: Ovincova, Kr. Jamburg geboren: 1.3.1890 Vater Vater Vornamen: Alexander Ausbildung Ausbildung(1) land: Rußland ausbildung: Gymn. Dorpat ort: Dorpat Ausbildung(2) land: Rußland ausbildung: stud. Med. belegt: 0.0.1903 Ausbildung(3) land: Rußland ausbildung: jur.Dorpat ort: Dorpat von-ab: 0.0.1909 bis: 0.0.1910 Quellen Quellen(1) bezeichnung: Alb.acad.Dorpat fundstelle: Nr. 22404 Support: Für inhaltliche Fragen wenden Sie sich bitten an Hermann Beyer-Thoma Bei technischen Problemen und Anregungen kontaktieren Sie bitte Franz Thoma ","title":"Erik-Amburger-Datenbank - \nDatensatz anzeigen","desc":null,"details":{"length":834,"language":"de","date":"2014/10/31 16:18:36","type":"text/html","country":""},"crawling":{"duration":"1","date":"2014/10/31 16:18:36"},"metas":[],"uri":{"protocol":"http","domain":"de.ios-regensburg.dokumente.","url":"http://dokumente.ios-regensburg.de/amburger/index.php?id=10132"}}},{"_index":"de_content_201410","_type":"resourceQ","_id":"http://turnanzuege-lessel.de/catalogsearch/result/index/?enable_googlecheckout=1&p=6&q=uni&status=1&visibility=4","_score":1.0, "_source" : {"body":" Turnanzüge-Lessel Search: Mein Benutzerkonto Wunschzettel Warenkorb Zur Kasse Anmelden Turnanzüge Damen Turnanzüge Herren Girly-Kombi's Wettkampf Edition Neue Modelle Hosen Hotpants Leggings weit Leggings Jazzpants Startseite / Suchergebnisse für: 'uni' Suchergebnisse für 'uni' Artikel 41 bis 48 von 62 gesamt Zeige 8 12 24 pro Seite Seite: 4 5 6 7 8 Sortierung Relevanz Name Price Turnanzug Tashina 1 Kundenmeinung(en) 40,00 € inkl.19% MwSt. zzgl. Versandkosten In den Warenkorb Auf den Wunschzettel | Auf die Vergleichsliste Turnanzug Green Star 12 Kundenmeinung(en) 44,00 € inkl.19% MwSt. zzgl. Versandkosten Ab: 34,00 € In den Warenkorb Auf den Wunschzettel | Auf die Vergleichsliste Turnanzug Laguna 47,00 € inkl.19% MwSt. zzgl. Versandkosten Ab: 37,00 € In den Warenkorb Auf den Wunschzettel | Auf die Vergleichsliste Turnanzug Alyiah 1 Kundenmeinung(en) 50,00 € inkl.19% MwSt. zzgl. Versandkosten In den Warenkorb Auf den Wunschzettel | Auf die Vergleichsliste Turnanzug Cindi Spezial 52,00 € inkl.19% MwSt. zzgl. Versandkosten In den Warenkorb Auf den Wunschzettel | Auf die Vergleichsliste Turnanzugset Modell uni für Männer 42,00 € inkl.19% MwSt. zzgl. Versandkosten In den Warenkorb Auf den Wunschzettel | Auf die Vergleichsliste Turnanzug Saranda 2 Kundenmeinung(en) 34,00 € inkl.19% MwSt. zzgl. Versandkosten In den Warenkorb Auf den Wunschzettel | Auf die Vergleichsliste Turnanzug Sylvia 37,00 € inkl.19% MwSt. zzgl. Versandkosten In den Warenkorb Auf den Wunschzettel | Auf die Vergleichsliste Artikel 41 bis 48 von 62 gesamt Zeige 8 12 24 pro Seite Seite: 4 5 6 7 8 Sortierung Relevanz Name Price Einkaufen nach Momentane Filter Artikel entfernen Is product available for purchase with Google Checkout: Ja Artikel entfernen Status: Aktiviert Artikel entfernen Sichtbarkeit: Katalog, Suche Alles entfernen Einkaufsoptionen Kategorie Turnanzüge Damen (51) Turnanzüge Herren (2) Girly-Kombi's (6) Wettkampf Edition (2) Preis 30,00 € - 40,00 € (38) 40,00 € - 50,00 € (15) 50,00 € - 60,00 € (7) 60,00 € - 70,00 € (2) Special Price 30,00 € - 40,00 € (1) Cost 10,00 € - 20,00 € (62) Weight 0,00 € - 1,00 € (62) Steuerklasse 19% Mehrwertsteuer (62) Zahlungshinweise Warenkorb Sie haben keine Artikel im Warenkorb. Produkte vergleichen Es ist kein Artikel zum Vergleichen vorhanden. Turnanzug Gymnastikanzug Gymnastik Bekleidung Ballettbekleidung Voltigieranzug Turnanzüge Lieferzeiten & Versandkosten Allgemeine Geschäftsbedingungen Widerrufsrecht Datenschutzerklärung Impressum Sitemap Suchbegriffe Erweiterte Suche Kontaktieren Sie uns ","title":"Suchergebnisse für: 'uni'  • Turnanzüge-Lessel","desc":"☆ Gymnastik Bekleidung aus dem Maßatelier Turnanzüge Lessel. Qualität zum fairen Preis.  ✄ Gymnastikanzug, Ballettbekleidung, Turnanzug auf Maß.","details":{"length":2549,"language":"de","date":"2014/10/31 16:18:34","type":"application/xhtml+xml","country":""},"crawling":{"duration":"1","date":"2014/10/31 16:18:34"},"metas":[{"name":"description","value":"☆ Gymnastik Bekleidung aus dem Maßatelier Turnanzüge Lessel. Qualität zum fairen Preis.  ✄ Gymnastikanzug, Ballettbekleidung, Turnanzug auf Maß."},{"name":"keywords","value":"turnanzug, turnanzüge, gymnastikbekleidung, gymnastik-bekleidung, gymnastikanzug, ballettbekleidung, auf maß,"},{"name":"robots","value":"NOINDEX,FOLLOW"}],"uri":{"protocol":"http","domain":"de.turnanzuege-lessel.","url":"http://turnanzuege-lessel.de/catalogsearch/result/index/?enable_googlecheckout=1&p=6&q=uni&status=1&visibility=4"}}},{"_index":"de_content_201410","_type":"resourceQ","_id":"http://htpc-forum.de/forum/index.php?act=reg&code=reval&s=438e7d90b5b1ac8e98ac12bc8379ffc3","_score":1.0, "_source" : {"body":" Homepage Foren-Uebersicht VDR-Portal VDR-Wiki Gentoo-Forum Gentoo-Wiki Gen2VDR Bugs/Features Impressum Spenden   Hilfe   Suche   Mitglieder  · Foren Regeln Willkommen Gast ( Einloggen | Registrieren ) Bestätigungs E Mail erneut senden   HTPC Forum -> Erneute Überprüfungs E-Mail senden Bitte unten den registrierten Mitgliedernamen eingeben. Wenn der Mitgliedername gefunden wurde, wird eine E-Mail an die registrierte Mailadresse verschickt  Erneute Überprüfungs E-Mail senden Registrierter Mitgliedername Powered by Invision Power Board(U) v1.3.1 Final © 2003   IPS, Inc. ","title":"Erneute Überprüfungs E-Mail senden","desc":null,"details":{"length":575,"language":"de","date":"2014/10/31 16:18:33","type":"application/xhtml+xml","country":""},"crawling":{"duration":"1","date":"2014/10/31 16:18:33"},"metas":[],"uri":{"protocol":"http","domain":"de.htpc-forum.","url":"http://htpc-forum.de/forum/index.php?act=reg&code=reval&s=438e7d90b5b1ac8e98ac12bc8379ffc3"}}},{"_index":"de_content_201410","_type":"resourceQ","_id":"http://der-fussballer.de/bekleidung/shorts/puma-shorts?f=205%7c2220%7c1744%7c1716%7c1747&p=1","_score":1.0, "_source" : {"body":" Mein Konto Merkzettel Kontakt Rückruf-Service Newsletter Widerrufsbelehrung Muster-Widerrufsformular Versand und Zahlungsbedingungen AGB Datenschutz Impressum 0 Artikel (0,00 €*) 0 Artikel (0,00 €*) Home DFB Fan-Shop Trikots WM 2014 Fußbälle Set-Angebote Trikotsätze Adidas Trikotsätze Erima Trikotsätze Hummel Trikotsätze Puma Trikotsätze Uhlsport Trikotsätze TEAM-Angebote Adidas TEAM Angebote Erima TEAM Angebote Hummel TEAM Angebote Puma TEAM Angebote Bekleidung Anzüge Adidas Trainingsanzüge Erima Trainingsanzüge Hummel Trainingsanzüge Puma Trainingsanzüge Uhlsport Trainingsanzüge Funktionswäsche Adidas TECHFIT Hummel Funktionsunterwäsche McDavid Hexpad Hosen Adidas Hosen Erima Hosen Hummel Hosen Puma Hosen Uhlsport Hosen Jacken Adidas Jacken Erima Jacken Hummel Jacken Puma Jacken Uhlsport Jacken Schiedsrichter Shorts Adidas Shorts Erima Shorts Hummel Shorts Puma Shorts Uhlsport Shorts Stutzenstrümpfe Adidas Stutzen Erima Stutzen Hummel Stutzen Puma Stutzen Uhlsport Stutzen Sweatshirts Adidas Sweats Erima Sweats Hummel Sweats Puma Sweats Uhlsport Sweats Trikots Adidas Trikots Erima Trikots Hummel Trikots Puma Trikots Uhlsport Trikots T-Shirts Adidas T-Shirts Erima T-Shirts Hummel T-Shirts Puma T-Shirts Uhlsport T-Shirts Torwart Adidas Torwarttrikots Erima Torwarttrikots Hummel Torwart Puma Torwart DFB Artikel Fussbälle Adidas Fußbälle Erima Fussbälle Hummel Fussbälle Molten Fussbälle Select Fussbälle Zubehör Taschen Adidas Sporttaschen Erima Sporttaschen Hummel Sporttaschen Puma Sporttaschen Torwart Handschuhe Adidas Torwarthandschuhe Uhlsport Torwarthandschuhe Spielerhandschuhe Bandagen-Schutzkleidung Sportmedizin Handtücher RESTPOSTEN Bedruckung Der Fussballer! - Der Fußballshop Bekleidung Shorts Puma Shorts Kategorien DFB Fan-Shop Set-Angebote Bekleidung Anzüge Funktionswäsche Hosen Jacken Schiedsrichter Shorts Adidas Shorts Erima Shorts Hummel Shorts Puma Shorts Uhlsport Shorts Stutzenstrümpfe Sweatshirts Trikots T-Shirts Torwart DFB Artikel Fussbälle Zubehör RESTPOSTEN Fussballschuhe Bedruckung Blog Filtern nach: Eigenschaften Größe 128 140 1 152 1 164 176 L 1 M S 1 XL 1 XXL 1 XXXL 1 Grundfarben blau dunkelblau 1 gelb 1 grün 1 lila 1 rot 1 schwarz 1 weiss 1 Hersteller Puma 1 Preisbereich 10-20 € 1 Alle Anzeigen Eigenschaften Größe 128 140 1 152 1 164 176 L 1 M S 1 XL 1 XXL 1 XXXL 1 Grundfarben blau dunkelblau 1 gelb 1 grün 1 lila 1 rot 1 schwarz 1 weiss 1 Hersteller Puma 1 Preisbereich 10-20 € 1 Alle Anzeigen Informationen Newsletter Kontakt Versand und Zahlungsbedingungen Widerrufsbelehrung Datenschutz AGB Impressum Rückruf - Service Topseller Puma KING Short Statt: 29,95 €* 24,95 €* Puma VELIZE Shorts 14,95 €* Puma Tight Short 24,95 €* Puma Fußball Shorts Sortierung: Erscheinungsdatum Beliebtheit Niedrigster Preis Höchster Preis Artikelbezeichnung Artikel pro Seite: 12 24 36 48 Puma VELIZE Shorts Die neue Puma Velize Short 2014. Für Kinde rund Erwachsene. Günstige Sporthosen von Puma. ab 14,95 €* Zum Produkt Vergleichen Tagwolke Puma Tight Puma KING Short Puma VELIZE Zahlarten Versandarten Informationen Lieferzeiten Kontakt Versand und Zahlungsbedingungen Widerrufsbelehrung Datenschutz AGB Defektes Produkt Impressum Rückruf - Service Newsletter Abonniert unseren kostenlosen Newsletter und verpasst keine Neuigkeit oder Aktion mehr.   ","title":"\nPuma ShortsShortsBekleidung | Der Fussballer! - Der Fußballshop\n","desc":null,"details":{"length":3301,"language":"de","date":"2014/10/31 16:18:34","type":"text/html","country":""},"crawling":{"duration":"1","date":"2014/10/31 16:18:34"},"metas":[{"name":"og:site_name","value":"Der Fussballer! - Der Fußballshop"},{"name":"og:region","value":"Nordrhein-Westfalen"},{"name":"og:postal-code","value":"01234"},{"name":"og:country-name","value":"DE"},{"name":"geo.region","value":"DE-NW"},{"name":"author","value":"Der Fussballer!"},{"name":"copyright","value":"Der-Fussballer.de"},{"name":"robots","value":"noindex,follow"},{"name":"revisit-after","value":"15 days"},{"name":"keywords","value":""},{"name":"description","value":""},{"name":"viewport","value":"width=device-width, initial-scale=1.0"},{"name":"viewport","value":"width=device-width, initial-scale=1.0"},{"name":"msapplication-navbutton-color","value":"#dd4800"},{"name":"application-name","value":"Der Fussballer! - Der Fußballshop"},{"name":"msapplication-starturl","value":"http://www.der-fussballer.de/"},{"name":"msapplication-window","value":"width=1024;height=768"}],"uri":{"protocol":"http","domain":"de.der-fussballer.","url":"http://der-fussballer.de/bekleidung/shorts/puma-shorts?f=205%7c2220%7c1744%7c1716%7c1747&p=1"}}},{"_index":"de_content_201410","_type":"resourceQ","_id":"http://bergsportshop24.de/seile-gurte-schlingen-41620955/?free-shipping=1&price-range=100-200&sorting=review_avg","_score":1.0, "_source" : {"body":" Suchen in diesem Shop Suchen in diesem Shop Suchen auf Rakuten.de Suchbegriffe Kategorien Anmelden oder Registrieren Merkliste 0 Shopping Cart 0 Bergsportshop24 Startseite Newsletter Reduziert Blog HOME Mehr Markenshops DMM Doldy ELLA HENK MANUfaktur ISC Kask Montane Schlafsäcke Rucksäcke / Packs Damen Shell Handschuhe / Gloves Damen Winddicht / Windproof Damen Hosen Mützen / Cap Damen Erste Schicht Lanex Yachting Ropes Liod Outdoor Bekleidung Expeditionsausrüstung Alpine Ausrüstung / Bergsport Trekking / Active / Leisure Daunenjacken / Primaloft-Jacken Westen Outdoorhosen Daunen- und Primalofthosen Hardshells / Regenhosen Softshellhosen Funktionsjacken Funktionsunterwäsche Bergsport & Kletterausrüstung Kletterseile Klassische Kletterseile Statikseile Wurfleinen Lowering Rope Canyonseile Dyneemaseile Vectranseile nach Durchmesser Kletterschuhe Klettergurte Brustgurte Kindergurte Klettergurte Kletterhelme Karabiner HMS Karabiner Klettersteig Karabiner Haken und Ketten Sicherungsgeräte Express-Sets Arbeitssicherheit PSA Absturzsicherung Anschlagpunkt Sicherungsgurte Bekleidung Schutzhelme Karabiner Messer Positionierung Rescue & Intervention Anschlagpunkte Gurte Karabiner Schlingen & Lanyard Sicherungsgeräte Statikseile Rettungsgeräte Rettungsbahren Arboristen / Baumpflege / Timber Bekleidung / Zubehör Seile / Gurte / Schlingen Hardware / Sicherungen Damen Jacken Hosen Funktionswäsche / Zubehör Rock / Winterrock Kinder / Junior Schnee & Eis Höhle & Canyoning Yachting / Segelsport / Marine Seile Schot- und Fallseile Cruising line Racing line Sport line Liegeplatz- und Ankerseile Geocaching Sale / Schnäppchen-Ecke / Abverkauf Outdoor Schlafsäcke Rucksäcke Notfallausrüstung Kategorien Markenshops DMM Doldy ELLA HENK MANUfaktur ISC Kask Montane Lanex Yachting Ropes Liod Rock Helmets Tendon Triop Tilak Fixpoints Outdoor Bekleidung Expeditionsausrüstung Alpine Ausrüstung / Bergsport Trekking / Active / Leisure Daunenjacken / Primaloft-Jacken Westen Outdoorhosen Funktionsjacken Funktionsunterwäsche Gamaschen Mützen Handschuhe Pullover Funktionssocken Textilpflege TOKO Eco Bergsport & Kletterausrüstung Kletterseile Kletterschuhe Klettergurte Kletterhelme Karabiner Haken und Ketten Sicherungsgeräte Express-Sets Schlingen Klemmkeile / Link Cams (Friends) / Klemmgeräte Steelware Stahl Klettersteigsets Eisgeräte Komplett-Sets Weiteres Kletterzubehör Rucksäcke Chalk / Bags / Matten Biwaksäcke Schlafsäcke Slackline Arbeitssicherheit PSA Absturzsicherung Anschlagpunkt Sicherungsgurte Bekleidung Schutzhelme Karabiner Messer Positionierung Rettung Rollen & Klemmen Seile Schlingen & Lanyard Seilklemmen Sicherungsgeräte Sicherheitshaken Ketten Taschen & Bags Zubehör Rescue & Intervention Anschlagpunkte Gurte Karabiner Schlingen & Lanyard Sicherungsgeräte Statikseile Rettungsgeräte Rettungsbahren Arboristen / Baumpflege / Timber Bekleidung / Zubehör Seile / Gurte / Schlingen Hardware / Sicherungen Damen Jacken Hosen Funktionswäsche / Zubehör Rock / Winterrock Kinder / Junior Schnee & Eis Höhle & Canyoning Yachting / Segelsport / Marine Seile Schot- und Fallseile Liegeplatz- und Ankerseile Geocaching Sale / Schnäppchen-Ecke / Abverkauf Outdoor Schlafsäcke Rucksäcke Notfallausrüstung Follow Us! Liken Sie uns auf Facebook Unser Newsletter Profitieren Sie von aktuellen Angeboten, Aktionen und Gutscheinen! Unser Newsletter X Leider konnten wir Sie nicht erfolgreich registieren. Bitte versuchen Sie es später noch einmal. Oops! Nicht alle Eingaben waren korrekt. Versuchen Sie es noch einmal! Vielen Dank! Sie haben sich erfolgreich für unseren Newsletter registriert. Frau Herr Oops! Sie haben keinen Vornamen eingegeben. Versuchen Sie es noch einmal! Oops! Sie haben keinen Nachnamen eingegeben. Versuchen Sie es noch einmal! Oops! Sie haben eine ungültige E-Mail Adresse eingegeben. Versuchen Sie es noch einmal! Anmelden Startseite Arboristen / Baumpflege / Timber Arboristen / Baumpflege / Timber Bekleidung / Zubehör Seile / Gurte / Schlingen Hardware / Sicherungen Seile / Gurte / Schlingen Sortierung: Bewertungen Preis: 100-200 Versandkostenfrei Seile / Gurte / Schlingen ↓ Bewertungen Standard Bewertungen Preis: niedrigster zuerst Preis: höchster zuerst Name: A-Z Name: Z-A 100 € – 200 € Alle 20 € – 50 € 50 € – 100 € 100 € – 200 € 200 € – 500 € 500 € – 1000 € 1000 € – 2000 € Marken Alle Marken Edelweiß Singing Rock Tendon Filter (1) Versandkostenfrei (7) Reduziert (3) Sofort-Lieferbar (7) Singing Rock Profi Worker Arbeitsgurt Sicherungsgurt ab 169,00 € Kostenlose Lieferung Sofort lieferbar Mehrere Varianten Singing Rock Singing Rock Site 135,00 € ab 124,00 € 8 % Reduzierter Artikel Kostenlose Lieferung Sofort lieferbar Mehrere Varianten Singing Rock Singing Rock Site + Aluhaken 149,95 € ab 139,00 € 7 % Reduzierter Artikel Kostenlose Lieferung Sofort lieferbar Mehrere Varianten Singing Rock Sicherungsgurt - Komplettgurt Expert II ab 189,00 € Kostenlose Lieferung Sofort lieferbar Mehrere Varianten Tendon Reepschnur Timber 100 m 168,00 € ab 159,00 € - 9,00 € Reduzierter Artikel Kostenlose Lieferung Sofort lieferbar Mehrere Varianten Singing Rock Singing Rock Sitzgurt Strike Special Forces 159,00 € Kostenlose Lieferung Sofort lieferbar Mehrere Varianten Edelweiss Arbeitsgurt Vulcain Jack Komplettgurt 109,00 € Kostenlose Lieferung Sofort lieferbar   Über uns Zahlungsmöglichkeiten Unser Blog Newsletter abonnieren Kontakt Partner Bezahlung Willkommen Das Team von Bergsportshop24 freut sich immer auf deine Fragen oder Feedback! Service und Beratung +49 (0)36842 - 52139 Mo-Fr 10.00 Uhr - 18.00 Uhr Informiert bleiben Unser Newsletter Profitieren Sie von aktuellen Angeboten, Aktionen und Gutscheinen! Unser Newsletter X Leider konnten wir Sie nicht erfolgreich registieren. Bitte versuchen Sie es später noch einmal. Oops! Nicht alle Eingaben waren korrekt. Versuchen Sie es noch einmal! Vielen Dank! Sie haben sich erfolgreich für unseren Newsletter registriert. Frau Herr Oops! Sie haben keinen Vornamen eingegeben. Versuchen Sie es noch einmal! Oops! Sie haben keinen Nachnamen eingegeben. Versuchen Sie es noch einmal! Oops! Sie haben eine ungültige E-Mail Adresse eingegeben. Versuchen Sie es noch einmal! Anmelden Warum können Sie bei uns sicher einkaufen? Impressum AGB Datenschutz Kontakt Kundeninformation ","title":"Arboristen / Baumpflege / Timber Seile / Gurte / Schlingen online kaufen | Bergsportshop24","desc":"&nbsp;","details":{"length":6279,"language":"de","date":"2014/10/31 16:18:35","type":"text/html","country":""},"crawling":{"duration":"1","date":"2014/10/31 16:18:35"},"metas":[{"name":"description","value":" &nbsp;  "},{"name":"keywords","value":"Arboristen / Baumpflege / Timber Seile / Gurte / Schlingen"},{"name":"robots","value":"index, follow"},{"name":"viewport","value":"width=1000"}],"uri":{"protocol":"http","domain":"de.bergsportshop24.","url":"http://bergsportshop24.de/seile-gurte-schlingen-41620955/?free-shipping=1&price-range=100-200&sorting=review_avg"}}},{"_index":"de_content_201410","_type":"resourceQ","_id":"http://sbd.schumannportal.de/briefe.html?show=3543","_score":1.0, "_source" : {"body":" 22.05.2014 Schumann-Briefdatenbank > Briefe Navigation überspringen Briefe Absender- / Empfänger- verzeichnis Personenverzeichnis Login Kontakt Impressum   Briefe Neue Suche zurück zur Ergebnisliste Rückwärts Vorwärts ID: 3543 Geschrieben am: 03.11.1848     Absender: Rietz, Julius   Absender-Institution:   Absender Ort: Leipzig   Empfänger: Schumann, Robert   Empfänger-Institution:   Empfänger Ort:   Brieftext Fehler melden © Pergamon Interactive GmbH 2014 ","title":"Briefe - Schumann-Briefdatenbank","desc":null,"details":{"length":462,"language":"de","date":"2014/10/31 16:18:34","type":"text/html","country":""},"crawling":{"duration":"1","date":"2014/10/31 16:18:34"},"metas":[{"name":"robots","value":"index,follow"},{"name":"description","value":""},{"name":"keywords","value":""}],"uri":{"protocol":"http","domain":"de.schumannportal.sbd.","url":"http://sbd.schumannportal.de/briefe.html?show=3543"}}},{"_index":"de_content_201410","_type":"resourceQ","_id":"http://fachanwaltsuche.de/fas/suchen.anz?fachgebiet=sozialrecht&ort=d%c3%83%c2%bcsseldorf+stadtbezirk+1","_score":1.0, "_source" : {"body":"Fachanwaltsuche Rechtstipps Urteile FA-News Teilnahme Aus- / Fortbildung Kontakt Impressum Home Leider kein Suchergebnis Leider konnten wir keinen Fachanwalt für Sozialrecht in DÃƒÂ¼sseldorf Stadtbezirk 1 finden. Neue Suche Sie sind Fachanwalt für Sozialrecht in DÃƒÂ¼sseldorf Stadtbezirk 1 ? Für die soeben gestellte Suchanfrage nach einem Fachanwalt für Sozialrecht in DÃƒÂ¼sseldorf Stadtbezirk 1 können Sie eine exklusive Anzeige buchen. Bei dieser Suchanfrage werden dann allein Sie als Experte mit Ihrem ausführlichen Kanzleiprofil angezeigt Musterprofil. Sie sind interessiert? Mehr Informationen dazu finden Sie auf unserer Teilnahmeseite Oder rufen Sie uns einfach unverbindlich an unter Tel: (0221) 93 73 88 05 - wir beraten Sie gerne! Teilnahmeberatung alle Infos hier FA-News Syndikusanwälte: Langfristige Auswirkungen der BSG-Urteile für Anwaltschaft größer als für Unternehmen mehr dazu... Fachanwaltartikel Wann ist der Vermieter verpflichtet, seinem Mieter die Untervermietung zu gestatten? mehr dazu... Zu geringe Vorauszahlungen auf Betriebs- und Heizkosten gehen immer noch nicht zu Lasten des Vermieters! mehr dazu... Neueste Fachanwaltartikel Alle Fachanwaltartikel Schnellsuche Top-Fachgebiete Fachanwalt Arbeitsrecht Fachanwalt Familienrecht Fachanwalt Mietrecht WEG-Recht Fachanwalt Strafrecht Fachanwalt Erbrecht Fachanwalt Verkehrsrecht Schnellsuche Top-Orte Fachanwalt Berlin Fachanwalt Hamburg Fachanwalt Köln Fachanwalt Stuttgart Fachanwalt München © FAS Fachanwalt Service GmbH 2014 - www.fachanwaltsuche.de Home | Impressum | Kontakt","title":"Fachanwaltsuche - Von Experten beraten","desc":"Fachanwaltsuche - Von Experten beraten","details":{"length":1563,"language":"de","date":"2014/10/31 16:18:35","type":"text/html","country":""},"crawling":{"duration":"1","date":"2014/10/31 16:18:35"},"metas":[{"name":"robots","value":"NOINDEX, NOFOLLOW"},{"name":"GOOGLEBOT","value":"NOINDEX, NOFOLLOW"},{"name":"description","value":"Fachanwaltsuche - Von Experten beraten"},{"name":"keywords","value":"Fachanwaltsuche - Von Experten beraten"},{"name":"google-site-verification","value":"R5gy7KlQX6nXS5Pga5e7uWlCstfJ19xAR8wFcD1mNEQ"}],"uri":{"protocol":"http","domain":"de.fachanwaltsuche.","url":"http://fachanwaltsuche.de/fas/suchen.anz?fachgebiet=sozialrecht&ort=d%c3%83%c2%bcsseldorf+stadtbezirk+1"}}},{"_index":"de_content_201410","_type":"resourceQ","_id":"http://hohen-neuendorf.de/branchenverzeichnis/start.bv/branchenverzeichnis/search/action/details/?/1/unternehmen/160&bvsessid=fhgavnqmr1c1cdrgpat0t80suq6h13rm","_score":1.0, "_source" : {"body":" Startseite Impressum Stadtplan Branchen Anregungen Mail Polnisch Stadt Hohen Neuendorf Oranienburger Str. 2 16540 Hohen Neuendorf Tel.: 03303 528-0 Branchenverzeichnis PS Fliesenlegerfachbetrieb aus Borgsdorf Fliesen-,Platten-und Mosaikleger Ausführung von Fliesen-,Naturstein-und Trockenbauarbeiten inklusive aller anfallenden Vorarbeiten. Für jedes Problem gibt es eine Lösung, fragen Sie uns! Adresse: PS Fliesenlegerfachbetrieb Föhrenwinkel 12a 16556 Borgsdorf Ansprechpartner: Herr Peter Szczepanski Telefon: 03303/597177 Fax: 03303/597178 Mobil: 0171/6935541 Email: Homepage: http://www.ps-fliesenlegerfachbetrieb.de Art des Gewerbes: Handwerk Dienstleistungen Baugewerbe Benutzername Passwort Registrieren Passwort vergessen Mein Unternehmen eintragen ","title":"Stadt Hohen Neuendorf - Branchenverzeichnis - Suche","desc":"Branchenverzeichnis der Stadt Hohen Neuendorf","details":{"length":760,"language":"de","date":"2014/10/31 16:18:36","type":"application/xhtml+xml","country":""},"crawling":{"duration":"1","date":"2014/10/31 16:18:36"},"metas":[{"name":"keywords","value":"branchenverzeichnis stadt hohen neuendorf"},{"name":"description","value":"Branchenverzeichnis der Stadt Hohen Neuendorf"},{"name":"robots","value":"all"},{"name":"rating","value":"General"}],"uri":{"protocol":"http","domain":"de.hohen-neuendorf.","url":"http://hohen-neuendorf.de/branchenverzeichnis/start.bv/branchenverzeichnis/search/action/details/?/1/unternehmen/160&bvsessid=fhgavnqmr1c1cdrgpat0t80suq6h13rm"}}},{"_index":"de_content_201410","_type":"resourceQ","_id":"http://myplayplanet.de/forum/viewtopic.php?f=14&p=283&sid=d966fbf5ba68771cf5550a93420bf342","_score":1.0, "_source" : {"body":" Registrieren  | Anmelden Anmelden Anmelden Benutzername:  Passwort:  Mich bei jedem Besuch automatisch anmelden Registrieren   Erweiterte Suche FAQ Unbeantwortete Themen Aktive Themen Foren-Übersicht     Sonstiges    Spamming Druckansicht Was kann deine kanone? Antwort erstellen 9 Beiträge • Seite 1 von 1 Was kann deine kanone? von xXxserverkillerxXx » So 18. Mai 2014, 21:12 Hi, Hier könnt ihr schreiben was eure kanone so kann. Ich Fang mal an meine 24er Compact Impact kommt mit einem Schuss 18 Blöcke tief die ist mit 2 Schüssen bei 30+-5 Blöcke. WAS SCHAFFT DEINE KANONE?! xXxserverkillerxXx   Beiträge: 22 Registriert: Mo 12. Mai 2014, 17:14 Nach oben Re: Was kann deine kanone? von ILurch » So 18. Mai 2014, 23:27 Meine 4er Shotgun, kommt in einen kompakten Endstoneblock sage und schreibe 2 Blöcke tief rein. WAS SCHAFFT DEINE KANONE? ILurch Administrator   Beiträge: 17 Registriert: Do 17. Apr 2014, 12:07 Wohnort: Kreis Gütersloh Nach oben Re: Was kann deine kanone? von Tigifan » Mo 19. Mai 2014, 17:48 Meine Kaoskanone kommt in einen Endstoneblock in 50Blöcke Entfernung sage und schreibe 0 Blöcke rein. WAS KANN DEINE KANONE? LG Tigifan Tigifan left the game. Tigifan   Beiträge: 21 Registriert: So 11. Mai 2014, 13:47 Wohnort: Tigifanien.de Nach oben Re: Was kann deine kanone? von MrCreeperkopf » Di 27. Mai 2014, 19:32 Meine Blümchenkanone repariert das gegnerische WarGear :O WAS KANN DEINE KANONE?? Ich bin auch auf YouTube >>>> Die Bukkit Guys MrCreeperkopf   Beiträge: 9 Registriert: So 18. Mai 2014, 13:55 Wohnort: Sachsen Nach oben Re: Was kann deine kanone? von xXxserverkillerxXx » Mi 28. Mai 2014, 22:30 @Mecreeperkopf boah jo raste aus sprinte weg mit deiner kanone! Ich habs Geschaft eine lupfkanone zu bauen was kann die? Sie macht 3000 blockschaden!...Am eigenen wg hust hust xXxserverkillerxXx   Beiträge: 22 Registriert: Mo 12. Mai 2014, 17:14 Nach oben Re: Was kann deine kanone? von DerHerrGammler » Do 29. Mai 2014, 10:47 Ich hab eine 40er Vollladerstich, die auf 150 Block Entfernung einen Stich von 20+-3 Blöcken schafft. WAS KANN DEINE KANONE???? Der offiziele FWGL-Server: mcevent.eu:25550 DerHerrGammler   Beiträge: 7 Registriert: Do 17. Apr 2014, 21:09 Nach oben Re: Was kann deine kanone? von xXxserverkillerxXx » Do 29. Mai 2014, 22:04 @DerHerrGammler ich hoffe sie ist fertig... Wenn nicht kann ich die auch helfen. xXxserverkillerxXx   Beiträge: 22 Registriert: Mo 12. Mai 2014, 17:14 Nach oben Re: Was kann deine kanone? von DerHerrGammler » Sa 7. Jun 2014, 14:32 xXxserverkillerxXx hat geschrieben:@DerHerrGammler ich hoffe sie ist fertig... Wenn nicht kann ich die auch helfen. Ja sie ist fertig, ansonsten hätte ich ja wohl kaum geschrieben was ich kann! Schließlich brauche ich auch noch andere Kanonen! Der offiziele FWGL-Server: mcevent.eu:25550 DerHerrGammler   Beiträge: 7 Registriert: Do 17. Apr 2014, 21:09 Nach oben Re: Was kann deine kanone? von Tigifan » Di 17. Jun 2014, 21:47 Meine 20 Atillerie Kanone macht einen Schaden von vorne gesehen 2 Blöcke Tief da die Kanone noch bugt. Was kann deine Kanone??? LG Tigifan Tigifan left the game. Tigifan   Beiträge: 21 Registriert: So 11. Mai 2014, 13:47 Wohnort: Tigifanien.de Nach oben Beiträge der letzten Zeit anzeigen: Alle Beiträge 1 Tag 7 Tage 2 Wochen 1 Monat 3 Monate 6 Monate 1 Jahr Sortiere nach Autor Erstellungsdatum Betreff Aufsteigend Absteigend Antwort erstellen 9 Beiträge • Seite 1 von 1 Zurück zu Spamming Gehe zu: Wähle ein Forum aus ------------------ Allgemeines    Ankündigungen    Feedback WarGears    WarGear Fight Regeln    Redstone    Zeig uns deinen Wargear Server    Rang Bewerbung    Support    Rang-Sprecher Sonstiges    Stell dich vor    Spamming    Hilfe Wer ist online? Mitglieder in diesem Forum: 0 Mitglieder und 1 Gast Das Team • Alle Cookies des Boards löschen • Alle Zeiten sind UTC + 1 Stunde [ Sommerzeit ] Powered by phpBB® Forum Software © phpBB Group Deutsche Übersetzung durch phpBB.de phpBB Metro Theme by PixelGoose Studio ","title":"PlayPlanet • Thema anzeigen - Was kann deine kanone?","desc":null,"details":{"length":3975,"language":"de","date":"2014/10/31 16:18:33","type":"application/xhtml+xml","country":""},"crawling":{"duration":"1","date":"2014/10/31 16:18:33"},"metas":[{"name":"resource-type","value":"document"},{"name":"distribution","value":"global"},{"name":"keywords","value":""},{"name":"description","value":""},{"name":"viewport","value":"width=device-width, initial-scale=1"}],"uri":{"protocol":"http","domain":"de.myplayplanet.","url":"http://myplayplanet.de/forum/viewtopic.php?f=14&p=283&sid=d966fbf5ba68771cf5550a93420bf342"}}},{"_index":"de_content_201410","_type":"resourceQ","_id":"http://st-birgid.de/wordpress/?ai1ec=action~month%7cexact_date~1433109600%7ccat_ids~17,22,18%7ctag_ids~12&page_id=80","_score":1.0, "_source" : {"body":" St.Birgid Katholische Pfarrei der Vororte Wiesbaden Ost Menü Zum Inhalt springen Start Zentrales Pfarrbüro Sekretariat Gremien Links Gottesdienste Zeiten und Orte für Kinder für Jugendliche für Familien für Senioren für Gehörlose Gebetskreise Lobpreis Rosenkranz Ungarische Gemeinde Kleine Christliche Gemeinden Seelsorge Besuchsdienste Tod und Trauer Caritas Klinikseelsorge Geistliche Begleitung Geistliche Impulse Seelsorgeteam Sakramente Taufe Erstkommunion Firmung Versöhnung Ehe Krankensalbung Krankenkommunion Kinder/Jugend Ministranten Kinderwortgottesdienst (KiWoGo) Kinderbibelnachmittag Spielkreise Pfadfinder Freizeiten KiTa KiTa St. Patrick WI-Bierstadt KiTa Maria Aufnahme WI-Erbenheim KiTa Herz-Jesu WI-Sonnenberg Gruppen Kirchenmusik Kirchenchöre Gruppe BON Erwachsene Senioren Kinder und Jugend Familien Vereine und Verbände Termine Menü Zum Inhalt springen St. Birgid Gemeindeleben in Bierstadt Ökumene Maria Aufnahme St. Johannes St. Stephan Christ König Gemeindeleben in Nordenstadt St. Elisabeth Gemeindeleben in Auringen Herz Jesu Gemeindeleben in Sonnenberg Ökumene Aktuelle Termine Monat Posterboard Monat Woche Day Agenda Kategorien Auringen Bierstadt Delkenheim Erbenheim Nordenstadt Oikoumene Rambach Sonnenberg Schlagworte Gottesdienste (12) Spielkreis (1) Juni 2015 2014 Mai Jul 2016 Mo Di Mi Do Fr Sa So 1 2 3 4 5 6 7 8 9 10 11 12 13 14 15 16 17 18 19 20 21 22 23 24 25 26 27 28 29 30 Subscribe to filtered calendar Zu Google hinzufügen © Katholische Pfarrei St. Birgid Wiesbaden | Kontakte | Impressum | Anmelden ","title":"Aktuelle Termine | St.Birgid","desc":null,"details":{"length":1545,"language":"de","date":"2014/10/31 16:18:34","type":"text/html","country":""},"crawling":{"duration":"1","date":"2014/10/31 16:18:34"},"metas":[{"name":"viewport","value":"width=device-width"},{"name":"generator","value":"WordPress 3.5.1"}],"uri":{"protocol":"http","domain":"de.st-birgid.","url":"http://st-birgid.de/wordpress/?ai1ec=action~month%7cexact_date~1433109600%7ccat_ids~17,22,18%7ctag_ids~12&page_id=80"}}},{"_index":"de_content_201410","_type":"resourceQ","_id":"http://hausbau-forum.de/threads/kfw-effizienzhaus-70-enev2009.2024/","_score":1.0, "_source" : {"body":" Anmelden oder registrieren HAUSBAU-FORUM.DE - Sie bauen ein Haus? - Wir informieren! Foren > HAUSBAU PLANUNG > Allgemeines / Ideenfindung / Planung > Willkommen auf HAUSBAU-FORUM.DE Folge uns auf Google+ oder Twitter KfW-Effizienzhaus 70 (ENEV2009) Dieses Thema im Forum \" Allgemeines / Ideenfindung / Planung\" wurde erstellt von relex, 30. 11. 2009. Thread Readers Thread Readers relex Neuer Benutzer Registriert seit: 16. 11. 2009 Beiträge: 7 Zustimmungen: 0 Hallo, kann man mit einer massiven Bauweise (Porotonziegel 17,5cm und 16-20cm Dämmung) und 3fach verglasten Fenster ein KfW-Effizienzhaus 70 (ENEV2009) erreichen? Heizung wäre LW WP. Gruß relex W E L T N E U H E I T ⇓⇓⇓⇓⇓⇓⇓ relex, 30. 11. 2009 #1 parcus Gesperrt Top Benutzer Registriert seit: 16. 09. 2009 Beiträge: 244 Zustimmungen: 0 Hallo relex, Du musst das immer als \"Gesamtpaket\" von Maßnahmen sehen. D.h. hier musst Du Dich mit Deinem Architekten zusammen setzen. Eine LWP würde ich aber erst ab einem KfW55 nehmen, wenn überhaupt. lg parcus W E L T N E U H E I T ⇓⇓⇓⇓⇓⇓⇓ parcus, 30. 11. 2009 #2 relex Neuer Benutzer Registriert seit: 16. 11. 2009 Beiträge: 7 Zustimmungen: 0 Hallo, warum? Was würdest du denn einbauen? Gruß relex W E L T N E U H E I T ⇓⇓⇓⇓⇓⇓⇓ relex, 30. 11. 2009 #3 parcus Gesperrt Top Benutzer Registriert seit: 16. 09. 2009 Beiträge: 244 Zustimmungen: 0 Hallo, die LWP sind schon gut wenn sie das effizient Kriterium der BAFA (JAZ 3,5 )erfüllen. In der Praxis liegt der JAZ i.d.R. immer unter dem errechnetem, da hier noch die Ausführung und das Nutzerverhalten hinein spielt. Also werden wir wohl von einem real JAZ 3,0 sprechen. Derzeit liegt die Kosten von ÖL bei umgerechnet JAZ 2,6. Also ein nicht sehr komfortables Polster. Eine DV-WP liegt i.d.R. weit über JAZ 5,0 und benötigt eine Pumpe für den entfallenen 3 Kreis und relativ wenig Kollektorfläche. Beim Neubau ab 1:1 aufwärts. Ich würde auf jeden Fall Deinen Planer hier die Alternative rechnen lassen. Um so weniger Heizlast Du hast, um so geringer wird die Schere. lg parcus Zuletzt bearbeitet: 30. 11. 2009 W E L T N E U H E I T ⇓⇓⇓⇓⇓⇓⇓ parcus, 30. 11. 2009 #4 alezimm Neuer Benutzer Registriert seit: 30. 12. 2009 Beiträge: 3 Zustimmungen: 0 @parcus ich glaube du irrst dich. kfw55 gibt es nicht, ich glaube so hies es früher, jetzt heißt es kfw70, das ist der nächstbeste Standard nach dem Passivhaus. Oder irre ich mich? @relex wir planen gerade auch ein kfw70 Massivhaus mit Wärmepumpe. In verbindung mit einer Wärmepumpe ist dieser Standard nicht sonderlich schwer zu erreichen. Bei uns wird es 24er Mauerwerk aus unipor Planziegel W14 (Wärmeleitfähigkeit 0,14W/mK) mit 14 cm Dämmung. Für den kfw70 Standard würden laut unserem Archi schon 10cm Dämmung reichen. Bei einer 17er Mauer allerdings bräuchtest du wahrscheinlich über 20cm Dämmung. Warum nicht ein 24er Mauerwerk? W E L T N E U H E I T ⇓⇓⇓⇓⇓⇓⇓ alezimm, 30. 12. 2009 #5 parcus Gesperrt Top Benutzer Registriert seit: 16. 09. 2009 Beiträge: 244 Zustimmungen: 0 @alezimm meine Aussage bezieht sich auf KfW55 2007,also nur bis Ende 2009. Wann der KfW55 2009 kommt, steht noch in den \"Sternen\" der KfW. Ich würde auch eher in einem 17,5er Mauerwerk einen Vorteil in der Bauteilaktivierung als Wärmespeicher sehen. Ziel sollte aber nicht nur das erreichen einen KfW Standards sein, dass ist für mich immer Sekundär und ein Finanzierungsaspekt. Primär sollte das Ziel die Einsparung an Betriebskosten sein. (mal auf den u-Wert nicht weiter eingehend) lg parcus W E L T N E U H E I T ⇓⇓⇓⇓⇓⇓⇓ parcus, 31. 12. 2009 #6 (Du musst angemeldet oder registriert sein, um eine Antwort erstellen zu können.) Ignorierte Inhalte anzeigen Diese Seite empfehlen Tweet Benutzername oder E-Mail-Adresse: Besitzt du schon ein Benutzerkonto? Nein, erstelle jetzt ein Benutzerkonto. Ja, mein Passwort ist: Hast du dein Passwort vergessen? Angemeldet bleiben Jetzt registrieren! HAUSBAU-FORUM.DE - Sie bauen ein Haus? - Wir informieren! Foren > HAUSBAU PLANUNG > Allgemeines / Ideenfindung / Planung > Foren Foren Direktauswahl Foren durchsuchen Themen mit aktuellen Beiträgen Mitglieder Mitglieder Direktauswahl Namhafte Mitglieder Derzeitige Besucher Letzte Aktivitäten Impressum Menü Suche Nur die Titel durchsuchen Erstellt von: Trenne Benutzernamen durch Kommata. Neuer als: Nur dieses Thema durchsuchen Nur dieses Forum durchsuchen Die Ergebnisse als Themen anzeigen Nützliche Suchen Themen mit aktuellen Beiträgen Mehr... Kontakt Hilfe Startseite Seitenanfang RSS-Feed Nutzungsbedingungen Forum software by XenForo™ ©2010-2014 XenForo Ltd. - Deutsch von xenDach ©2010-2014 Seitenaufbau: 0,0803 Sekunden Speicher: 3,907 MB Datenbankabfragen: 14 ","title":"KfW-Effizienzhaus 70 (ENEV2009) | HAUSBAU-FORUM.DE - Sie bauen ein Haus? - Wir informieren!","desc":"Hallo,  kann man mit einer massiven Bauweise (Porotonziegel 17,5cm und 16-20cm Dämmung) und 3fach verglasten Fenster ein KfW-Effizienzhaus 70 (ENEV2009)...","details":{"length":4642,"language":"de","date":"2014/10/31 16:18:35","type":"text/html","country":""},"crawling":{"duration":"1","date":"2014/10/31 16:18:35"},"metas":[{"name":"viewport","value":"width=device-width, initial-scale=1"},{"name":"description","value":"Hallo,  kann man mit einer massiven Bauweise (Porotonziegel 17,5cm und 16-20cm Dämmung) und 3fach verglasten Fenster ein KfW-Effizienzhaus 70 (ENEV2009)..."}],"uri":{"protocol":"http","domain":"de.hausbau-forum.","url":"http://hausbau-forum.de/threads/kfw-effizienzhaus-70-enev2009.2024/"}}},{"_index":"de_content_201410","_type":"resourceQ","_id":"http://dkp.illuminos.de/viewcharacter.php?isort=0%7cdesc&member_id=19&msort=7%7casc&s=e488fefe4a81c71da9feaf0d9b3a4e31f766f9e5","_score":1.0, "_source" : {"body":" x #{title} #{text} x #{title} #{text} x #{title} #{text} Kontaktdetails Kontaktperson Sascha Broscha E-Mailadresse zebok@zebok.de Haftungsausschluss Haftungsausschluss 1. Inhalt des Onlineangebotes Der Autor übernimmt keinerlei Gewähr für die Aktualität, Korrektheit, Vollständigkeit oder Qualität der bereitgestellten Informationen. Haftungsansprüche gegen den Autor, welche sich auf Schäden materieller oder ideeller Art beziehen, die durch die Nutzung oder Nichtnutzung der dargebotenen Informationen bzw. durch die Nutzung fehlerhafter und unvollständiger Informationen verursacht wurden, sind grundsätzlich ausgeschlossen, sofern seitens des Autors kein nachweislich vorsätzliches oder grob fahrlässiges Verschulden vorliegt. Alle Angebote sind freibleibend und unverbindlich. Der Autor behält es sich ausdrücklich vor, Teile der Seiten oder das gesamte Angebot ohne gesonderte Ankündigung zu verändern, zu ergänzen, zu löschen oder die Veröffentlichung zeitweise oder endgültig einzustellen. 2. Verweise und Links Bei direkten oder indirekten Verweisen auf fremde Webseiten (\"Hyperlinks\"), die außerhalb des Verantwortungsbereiches des Autors liegen, würde eine Haftungsverpflichtung ausschließlich in dem Fall in Kraft treten, in dem der Autor von den Inhalten Kenntnis hat und es ihm technisch möglich und zumutbar wäre, die Nutzung im Falle rechtswidriger Inhalte zu verhindern. Der Autor erklärt hiermit ausdrücklich, dass zum Zeitpunkt der Linksetzung keine illegalen Inhalte auf den zu verlinkenden Seiten erkennbar waren. Auf die aktuelle und zukünftige Gestaltung, die Inhalte oder die Urheberschaft der verlinkten/verknüpften Seiten hat der Autor keinerlei Einfluss. Deshalb distanziert er sich hiermit ausdrücklich von allen Inhalten aller verlinkten /verknüpften Seiten, die nach der Linksetzung verändert wurden. Diese Feststellung gilt für alle innerhalb des eigenen Internetangebotes gesetzten Links und Verweise sowie für Fremdeinträge in vom Autor eingerichteten Gästebüchern, Diskussionsforen, Linkverzeichnissen, Mailinglisten und in allen anderen Formen von Datenbanken, auf deren Inhalt externe Schreibzugriffe möglich sind. Für illegale, fehlerhafte oder unvollständige Inhalte und insbesondere für Schäden, die aus der Nutzung oder Nichtnutzung solcherart dargebotener Informationen entstehen, haftet allein der Anbieter der Seite, auf welche verwiesen wurde, nicht derjenige, der über Links auf die jeweilige Veröffentlichung lediglich verweist. 3. Urheber- und Kennzeichenrecht Der Autor ist bestrebt, in allen Publikationen die Urheberrechte der verwendeten Bilder, Grafiken, Tondokumente, Videosequenzen und Texte zu beachten, von ihm selbst erstellte Bilder, Grafiken, Tondokumente, Videosequenzen und Texte zu nutzen oder auf lizenzfreie Grafiken, Tondokumente, Videosequenzen und Texte zurückzugreifen. Alle innerhalb des Internetangebotes genannten und ggf. durch Dritte geschützten Marken- und Warenzeichen unterliegen uneingeschränkt den Bestimmungen des jeweils gültigen Kennzeichenrechts und den Besitzrechten der jeweiligen eingetragenen Eigentümer. Allein aufgrund der bloßen Nennung ist nicht der Schluss zu ziehen, dass Markenzeichen nicht durch Rechte Dritter geschützt sind! Das Copyright für veröffentlichte, vom Autor selbst erstellte Objekte bleibt allein beim Autor der Seiten. Eine Vervielfältigung oder Verwendung solcher Grafiken, Tondokumente, Videosequenzen und Texte in anderen elektronischen oder gedruckten Publikationen ist ohne ausdrückliche Zustimmung des Autors nicht gestattet. 4. Datenschutz Sofern innerhalb des Internetangebotes die Möglichkeit zur Eingabe persönlicher oder geschäftlicher Daten (Emailadressen, Namen, Anschriften) besteht, so erfolgt die Preisgabe dieser Daten seitens des Nutzers auf ausdrücklich freiwilliger Basis. Die Inanspruchnahme und Bezahlung aller angebotenen Dienste ist - soweit technisch möglich und zumutbar - auch ohne Angabe solcher Daten bzw. unter Angabe anonymisierter Daten oder eines Pseudonyms gestattet. Die Nutzung der im Rahmen des Impressums oder vergleichbarer Angaben veröffentlichten Kontaktdaten wie Postanschriften, Telefon- und Faxnummern sowie Emailadressen durch Dritte zur Übersendung von nicht ausdrücklich angeforderten Informationen ist nicht gestattet. Rechtliche Schritte gegen die Versender von sogenannten Spam-Mails bei Verstössen gegen dieses Verbot sind ausdrücklich vorbehalten. 5. Rechtswirksamkeit dieses Haftungsausschlusses Dieser Haftungsausschluss ist als Teil des Internetangebotes zu betrachten, von dem aus auf diese Seite verwiesen wurde. Sofern Teile oder einzelne Formulierungen dieses Textes der geltenden Rechtslage nicht, nicht mehr oder nicht vollständig entsprechen sollten, bleiben die übrigen Teile des Dokumentes in ihrem Inhalt und ihrer Gültigkeit davon unberührt.   •   Samstag, 5. Juli 2014 23:38 RP Illuminos Hier ist der Raidplaner der WoW Gilde Illuminos   Portal RP-System Forum     Menü News Punktestand Roster Raids Ereignisse Item-Historie Benutzerliste Bewerbung schreiben Forum   User-Menü Anmelden Registrieren   Links EQDKP-Plus   Wow-News WoW: Das Ende zum Mists of Pandaria Cinematic Habt Ihr Euch auch schonmal gefragt was eigentlich passiert ist, nachdem die Vertreter der beiden Fraktionen im Mists of Pandaria Intro Cinematic von Chen Sturmbräu verprügelt wurden? Eine Antwort darauf liefert Blizzard im &quot;Bottoms Up!&quot; Cinematic. 05.07.14 11:55 by Shinso WoW: Macht Blizzard die Nächte wieder dunkler? Vor einigen Patches hat Blizzard die Nacht von World of Warcraft angepasst. Da immer mehr Spieler am späten Abend in das Spiel einloggten, hat Blizzard die Helligkeit in der Nacht hochgeschraubt. 05.07.14 10:00 by Ara WoW: Zahlungen über T-Online werden zum 15.07. offline genommen Wer bisher seine monatlichen Abogebühren oder die Nutzung sonstiger WoW-Dienste über die T-Online-Plattform bezahlt hat, der muss sich ab 15.07.eine alternative Methode suchen, denn die Telekom wird diesen Dienst einstellen. 04.07.14 13:13 by aenima WoW: Das tollste Pet aller Zeiten – Geschmolzener Corgi Wenn wir den Worten von Jonathan LeCraft Glauben schenken dürfen, dann erwartet uns das tollste Pet aller Zeiten in der kommenden Warlord of Draenor-Erweiterung: Der Geschmolzene Corgi. 04.07.14 12:28 by aenima WoW: Rob Pardo verlässt Blizzard nach 17 Jahren! Die folgende Nachricht war eine große Überraschung für uns: Rob Pardo, Chief Creative Officer bei Blizzard, verlässt nach 17 Jahren das Unternehmen und will sich neuen Aufgaben widmen. Damit ist Pardo nach Greg &quot;Ghostcrawler&quot; Street das zweite sehr bekannte.. 04.07.14 12:12 by aenima Urània Herausforderin Illuminos @ Kargath Level 90, Nachtelf, Druide, 14685 582 Durchschnittliche Gegenstandsstufe (581 ausgerüstet)   Kapuze der geschwärzten Tränen Immerseus' kristallenes Auge Abprallender Schulterschutz Fen-Yu, Zorn von Xuen Tunika des gezeichneten Tals Laserbrandarmschienen Handschützer des gezeichneten Tals Glutaschengürtel Bundhose des gezeichneten Tals Steinzehs gequälte Treter Ring der rastlosen Energie Realitätenreißerring Phiole der lebenden Verderbnis Rooks Pechbringer Dreizack der verderbten Wasser Leben 833887 Mana 60000 Talente Wächter Wiederherstellung Schnelligkeit der Wildnis Yseras Gabe Taifun Seele des Waldes Desorientierendes Gebrüll Wache der Natur Erhebliche Glyphen Geringe Glyphen Phasenbestie Yseras Gabe Massenumschlingung Seele des Waldes Desorientierendes Gebrüll Herz der Wildnis Erhebliche Glyphen Geringe Glyphen Berufe Juwelierskunst 600/600 Verzauberkunst 600/600 Werte Attribute Nahkampf Distanzkampf Zauber Verteidigung Alle Werte Stärke 100 Beweglichkeit 26684 Ausdauer 49106 Intelligenz 169 Willenskraft 188 Meisterschaftswertung 23.6% Schaden 26371 - 39515 DPS 12454.9 Angriffskraft 360 Tempowertung 10527 Geschwindigkeit 2.65 Trefferwertung +7.67% Kritische Trefferwertung 60.12% Waffenkundewertung 14.83% Schaden - DPS - Angriffskraft 0 Geschwindigkeit - Trefferwertung +7.67% Kritische Trefferwertung 60.12% Zaubermacht 159 Trefferchance 22.5% Kritische Trefferchance 33.37% Zauberdurchschlagskraft 0 Manaegeneration 1412 Kampfregeneration 1200 Rüstung 22739 Ausweichen 24.96% Parieren 0% Blocken 0% PVP-Abhärtung 77% PVP-Macht 0% Boss Kills Erfolge Char News Classic Burning Crusade Wrath of the Lich King Cataclysm Mists of Pandaria Tempel von Ahn'Qiraj 2x normal 0x heroisch normal heroic C'Thun 1 0 1 / 1 (100%) heroic 0 / 1 (0%) Ruinen von Ahn'Qiraj 2x normal 0x heroisch normal heroic Ossirian der Narbenlose 1 0 1 / 1 (100%) heroic 0 / 1 (0%) Pechschwingenhort 2x normal 0x heroisch normal heroic Nefarian 2 0 1 / 1 (100%) heroic 0 / 1 (0%) Geschmolzener Kern 2x normal 0x heroisch normal heroic Ragnaros 5 0 1 / 1 (100%) heroic 0 / 1 (0%) Der Sonnenbrunnen 2x normal 0x heroisch normal heroic Kil'jaeden 2 0 1 / 1 (100%) heroic 0 / 1 (0%) Der Schwarze Tempel 2x normal 0x heroisch normal heroic Illidan Sturmgrimm 5 0 1 / 1 (100%) heroic 0 / 1 (0%) Die Schlacht um den Hyjal 2x normal 0x heroisch normal heroic Archimonde 2 0 1 / 1 (100%) heroic 0 / 1 (0%) Festung der Stürme 2x normal 0x heroisch normal heroic Kael'thas Sonnenwanderer 1 0 1 / 1 (100%) heroic 0 / 1 (0%) Höhle des Schlangenschreins 2x normal 0x heroisch normal heroic Lady Vashj 1 0 1 / 1 (100%) heroic 0 / 1 (0%) Gruuls Unterschlupf 2x normal 0x heroisch normal heroic Gruul der Drachenschlächter 1 0 1 / 1 (100%) heroic 0 / 1 (0%) Magtheridons Kammer 2x normal 0x heroisch normal heroic Magtheridon 16 0 1 / 1 (100%) heroic 0 / 1 (0%) Karazhan 2x normal 0x heroisch normal heroic Prinz Malchezaar 3 0 1 / 1 (100%) heroic 0 / 1 (0%) Das Rubinsanktum 2x normal 2x heroisch normal heroic Halion 5 1 1 / 1 (100%) heroic 1 / 1 (100%) Eiskronenzitadelle 2x normal 2x heroisch normal heroic Lord Mark'gar 31 20 Lady Todeswisper 39 10 Kanonenschiffsschlacht von Eiskrone 28 21 Todesbringer Saurfang 35 14 Modermiene 20 15 Fauldarm 26 13 Professor Seuchenmord 17 3 Rat des Blutes 15 11 Blutkönigin Lana'thel 7 12 Valithria Traumwandler 13 9 Sindragosa 12 4 Der Lichkönig 6 2 12 / 12 (100%) heroic 12 / 12 (100%) Prüfung des Kreuzfahrers 2x normal 2x heroisch normal heroic Bestien von Nordend 31 12 Lord Jaraxxus 31 10 Fraktionschampions 28 6 Zwillingsval'kyr 28 4 Anub'arak 22 10 5 / 5 (100%) heroic 5 / 5 (100%) Onyxias Hort 2x normal 0x heroisch normal heroic Onyxia 28 0 1 / 1 (100%) heroic 0 / 1 (0%) Ulduar 2x normal 0x heroisch normal heroic Flammenleviathan 18 0 Ignis, Meister des Eisenwerks 6 0 Klingenschuppe 7 0 XT-002 Dekonstruktor 10 0 Die Versammlung des Eisens 7 0 Kologarn 11 0 Auriaya 11 0 Hodir 7 0 Thorim 6 0 Freya 5 0 Mimiron 5 0 General Vezax 4 0 Yogg-Saron 1 0 Algalon der Beobachter 2 0 14 / 14 (100%) heroic 0 / 14 (0%) Das Auge der Ewigkeit 2x normal 0x heroisch normal heroic Malygos 10 0 1 / 1 (100%) heroic 0 / 1 (0%) Das Obsidiansanktum 2x normal 0x heroisch normal heroic Sartharion 12 0 1 / 1 (100%) heroic 0 / 1 (0%) Naxxramas 2x normal 0x heroisch normal heroic Anub'Rekhan 23 0 Großwitwe Faerlina 20 0 Maexxna 20 0 Noth der Seuchenfürst 20 0 Heigan der Unreine 19 0 Loatheb 19 0 Instrukteur Razuvious 21 0 Gothik der Ernter 19 0 Die vier Reiter 18 0 Flickwerk 22 0 Grobbulus 21 0 Gluth 21 0 Thaddius 20 0 Saphiron 18 0 Kel'Thuzad 16 0 15 / 15 (100%) heroic 0 / 15 (0%) Archavons Kammer 2x normal 0x heroisch normal heroic Archavon der Steinwächter 69 0 Emalon der Sturmwächter 48 0 Koralon der Flammenwächter 53 0 Toravon der Eiswächter 37 0 4 / 4 (100%) heroic 0 / 4 (0%) Drachenseele 2x normal 2x heroisch normal heroic Morchok 5 30 Kriegsherr Zon'ozz 14 22 Yor'sahj der Unermüdliche 10 25 Hagara die Sturmbinderin 12 24 Ultraxion 8 25 Kriegsmeister Schwarzhorn 18 16 Todesschwinges Rückgrat 26 13 Todesschwinges Wahnsinn 23 11 8 / 8 (100%) heroic 8 / 8 (100%) Feuerlande 2x normal 1x heroisch normal heroic Beth'tilac 28 2 Lord Rhyolith 15 17 Shannox 17 16 Alysrazar 19 8 Baloroc, der Torwächter 19 8 Majordomus Hirschhaupt 9 18 Ragnaros 17 0 7 / 7 (100%) heroic 6 / 7 (85%) Thron der Vier Winde 2x normal 2x heroisch normal heroic Das Konklave des Windes 10 1 Al'Akir 4 1 2 / 2 (100%) heroic 2 / 2 (100%) Die Bastion des Zwielichts 2x normal 1x heroisch normal heroic Halfus Wyrmbrecher 20 3 Theralion und Valiona 18 1 Rat der Aszendenten 14 0 Cho'gall 10 0 Sinestra 0 0 4 / 5 (80%) heroic 2 / 5 (40%) Pechschwingenabstieg 2x normal 0x heroisch normal heroic Omnotron-Verteidigungssystem 22 0 Magmaul 22 0 Atramedes 16 0 Schimaeron 17 0 Maloriak 20 0 Nefarians Ende 9 0 6 / 6 (100%) heroic 0 / 6 (0%) Baradinfestung 2x normal 0x heroisch normal heroic Argaloth 40 0 Occu'thar 16 0 Alizabal, Herrin des Hasses 6 0 3 / 3 (100%) heroic 0 / 3 (0%) Schlacht um Orgrimmar 2x normal 1x heroisch normal heroic Immerseus 7 28 Die gefallenen Beschützer 14 19 Norushen 7 25 Sha des Stolzes 13 19 Galakras 15 18 Eiserner Koloss 16 18 Dunkelschamanen der Kor'kron 19 12 General Nazgrim 17 12 Malkorok 16 6 Die Schätze Pandarias 14 3 Thok der Blutrünstige 12 0 Belagerungsingenieur Rußschmied 12 0 Die Getreuen der Klaxxi 11 0 Garrosh Höllschrei 8 0 14 / 14 (100%) heroic 10 / 14 (71%) Thron des Donners 2x normal 1x heroisch normal heroic Jin'rokh der Zerstörer 10 13 Horridon 16 7 Rat der Ältesten 22 0 Tortos 21 2 Megaera 23 0 Ji-Kun 8 12 Durumu der Vergessene 20 0 Primordius 18 0 Dunkler Animus 20 0 Der eiserne Qon 10 7 Zwillingskonkubinen 17 1 Lei Shen 14 0 Ra-den 0 0 12 / 13 (92%) heroic 6 / 13 (46%) Terrasse des Endlosen Frühlings 2x normal 2x heroisch normal heroic Beschützer des Endlosen 8 1 Tsulong 9 1 Lei Shi 9 1 Sha der Angst 7 1 4 / 4 (100%) heroic 4 / 4 (100%) Das Herz der Angst 2x normal 0x heroisch normal heroic Kaiserlicher Wesir Zor'lok 13 0 Klingenfürst Ta'yak 17 0 Garalon 12 0 Windfürst Mel'jarak 12 0 Bernformer Un'sok 7 0 Großkaiserin Shek'zeer 6 0 6 / 6 (100%) heroic 0 / 6 (0%) Mogu'shangewölbe 2x normal 1x heroisch normal heroic Die Steinwache 12 5 Feng der Verfluchte 15 3 Gara'jal der Geisterbinder 14 2 Die Geisterkönige 14 0 Elegon 12 1 Der Wille des Kaisers 13 0 6 / 6 (100%) heroic 4 / 6 (66%) Vollständig abgeschlossen 1451 / 2588 (56%) Allgemein 50 / 76 (65%) Quests 118 / 225 (52%) Erkundung 101 / 130 (77%) Spieler gegen Spieler 173 / 336 (51%) Dungeons & Schlachtzüge 595 / 765 (77%) Berufe 103 / 208 (49%) Ruf 48 / 83 (57%) Szenarien 55 / 89 (61%) Weltereignisse 111 / 240 (46%) Haustierkämpfe 43 / 95 (45%) Heldentaten 54 / 341 (15%) Kürzlich erhalten Heroisch: Die Schätze Pandarias     Schließt das Ereignis Die Schätze Pandarias in der Schlacht um Orgrimmar auf dem Schwierigkeitsgrad 'Heroisch' ab. 10 20.05.14 Heroisch: Malkorok     Bezwingt Malkorok in der Schlacht um Orgrimmar auf dem Schwierigkeitsgrad 'Heroisch'. 10 29.04.14 Es geht auch ohne Tränen     Bezwingt Immerseus in der flexiblen, normalen oder heroischen Version der Schlacht um Orgrimmar, nachdem Ihr 10 Tränen des Tals getötet habt. 10 22.04.14 Minenläufer     Springt in der flexiblen, normalen oder heroischen Version der Schlacht um Orgrimmar auf 6 supererhitzte Kriecherminen und bezwingt dann den eisernen Koloss. 10 02.04.14 Zul'Nochmal     Tötet 10 Kriegsspäher der Zandalari und 5 Kriegshetzer der Zandalari. 10 30.03.14 Angeber!     Besiegt die unten aufgelisteten seltenen Grubenkampfbosse. 25 29.03.14 Schlagende Argumente     Erreicht den 10. Rang in Bizmos Boxbar. 10 29.03.14 Das Gleichgewicht wiederherstellen     Besucht den Schrein der Gefährten im Jadewald und tretet in die Fußstapfen von Chen Sturmbräu. 10 29.03.14 Fußknecht     Erreicht eine Schlachtfeldwertung von 1200. 10 20.03.14 Heroisch: General Nazgrim     Bezwingt General Nazgrim in der Schlacht um Orgrimmar auf dem Schwierigkeitsgrad 'Heroisch'. 10 18.03.14 Letzte Aktivitäten 62 Siege über Schwadronsführer Ner'onok (Die Belagerung des Niuzaotempels, Heroisch) vor 1 Tag 60 Siege über Taran Zhu (Shado-Pan-Kloster, Heroisch) vor 1 Tag 62 Siege über Hochinquisitorin Weißsträhne (Das Scharlachrote Kloster, Heroisch) vor 2 Tagen 65 Siege über Dunkelmeister Gandling (Scholomance, Heroisch) vor 3 Tagen 12 Siege über General Nazgrim (Schlacht um Orgrimmar, 10 Spieler, Heroisch) vor 3 Tagen 19 Siege über die Dunkelschamanen (Schlacht um Orgrimmar, 10 Spieler, Normal) vor 3 Tagen 18 Siege über den eisernen Koloss (Schlacht um Orgrimmar, 10 Spieler, Heroisch) vor 3 Tagen 18 Siege über Galakras (Schlacht um Orgrimmar, 10 Spieler, Heroisch) vor 3 Tagen 19 Siege über das Sha des Stolzes (Schlacht um Orgrimmar, 10 Spieler, Heroisch) vor 3 Tagen 25 Norushens Prüfung bestanden (Schlacht um Orgrimmar, 10 Spieler, Heroisch) vor 3 Tagen RP Informationen Kontoname Erhalten Ausgegeben Anpassungen Ereignisse: Aktuell Raids (30 Tage) Raids (60 Tage) Raids (90 Tage) Raids (Lebenszeit) classic 0 0 0 0 0% (0/0) 0% (0/0) 0% (0/0) 0% (0/0) def 0 0 0 0 0% (0/0) 0% (0/0) 0% (0/0) 0% (0/0) ... 2 Einträge gefunden Raids Gegenstände Korrekturen Raidteilnahme Raidbeteiligungs-Historie Datum Name Notiz Wert ... 0 Einträge gefunden Item-Kauf-Historie Datum Käufer Name Raid Itempool Wert ... 0 Einträge gefunden Individuelle Korrektur-Historie Datum Grund Wert ... 0 Einträge gefunden Icon Ereignis Raids (Lebenszeit) Wrath of the Lich King 0% (0/0) Thron des Donners (25) 0% (0/0) Thron des Donners (10) 0% (0/0) Terrasse des Endlosen Frühlings (10) 0% (0/0) Terrasse des Endlosen Frühlings (25) 0% (0/0) Schlacht um Orgrimmar 0% (0/0) Mogu'shangewölbe (10) 0% (0/0) Mogu'shangewölbe (25) 0% (0/0) Das Herz der Angst (10) 0% (0/0) Das Herz der Angst (25) 0% (0/0) Classic 0% (0/0) Cataclysm 0% (0/0) Burning Crusade 0% (0/0) ... 13 Einträge gefunden Impressum EQDKP-PLUS 1.0.9 © 2014 by EQdkp-Plus Team ","title":"Historie für Urània - Illuminos RP","desc":"Illuminos","details":{"length":17583,"language":"de","date":"2014/10/31 16:18:35","type":"application/xhtml+xml","country":""},"crawling":{"duration":"1","date":"2014/10/31 16:18:35"},"metas":[{"name":"keywords","value":"Illuminos, WoW, Kargath"},{"name":"description","value":"Illuminos"},{"name":"author","value":"Illuminos"}],"uri":{"protocol":"http","domain":"de.illuminos.dkp.","url":"http://dkp.illuminos.de/viewcharacter.php?isort=0%7cdesc&member_id=19&msort=7%7casc&s=e488fefe4a81c71da9feaf0d9b3a4e31f766f9e5"}}},{"_index":"de_content_201410","_type":"resourceQ","_id":"http://monster4u.de/posting.php?f=28&mode=reply&sid=1e5f3b719fc5539fe0ee03ebc095e276&t=218","_score":1.0, "_source" : {"body":" ***Board Opening 01.03.2014*** Zum Inhalt Erweiterte Suche Foren-Übersicht Ändere Schriftgröße FAQ Registrieren Anmelden Du musst dich anmelden, um in diesem Forum auf Beiträge zu antworten. Benutzername: Passwort: Ich habe mein Passwort vergessen Mich bei jedem Besuch automatisch anmelden Meinen Online-Status während dieser Sitzung verbergen   Registrieren Du musst in diesem Forum registriert sein, um dich anmelden zu können. Die Registrierung ist in wenigen Augenblicken erledigt und ermöglicht dir, auf weitere Funktionen zuzugreifen. Die Board-Administration kann registrierten Benutzern auch zusätzliche Berechtigungen zuweisen. Beachte bitte unsere Nutzungsbedingungen und die verwandten Regelungen, bevor du dich registrierst. Bitte beachte auch die jeweiligen Forenregeln, wenn du dich in diesem Board bewegst. Nutzungsbedingungen | Datenschutzrichtlinie Registrieren Foren-Übersicht Das Team • Alle Cookies des Boards löschen • Alle Zeiten sind UTC + 1 Stunde [ Sommerzeit ] Powered by phpBB® Forum Software © phpBB Group Color scheme by ColorizeIt! Deutsche Übersetzung durch phpBB.de ","title":" • Anmelden","desc":null,"details":{"length":1100,"language":"de","date":"2014/10/31 16:18:36","type":"application/xhtml+xml","country":""},"crawling":{"duration":"1","date":"2014/10/31 16:18:36"},"metas":[{"name":"resource-type","value":"document"},{"name":"distribution","value":"global"},{"name":"keywords","value":""},{"name":"description","value":""}],"uri":{"protocol":"http","domain":"de.monster4u.","url":"http://monster4u.de/posting.php?f=28&mode=reply&sid=1e5f3b719fc5539fe0ee03ebc095e276&t=218"}}},{"_index":"de_content_201410","_type":"resourceQ","_id":"https://telefoneintrag.de/adressen/l/lippstadt/buder/j%c3%83%c2%b6rg/ca35ce6539682541ec294ec2a89cfaf46b59bc1618595c2b11c922e685e8533c","_score":1.0, "_source" : {"body":" Ihre persönliche Online-Visitenkarte - kostenlos! Eintrag anlegen Hilfe Login Telefonbucheintrag von Jörg Buder aus Lippstadt Jörg Buder 59555 Lippstadt Mobil: (01 72) 2 37 66 61 Telefon: (0 29 41) 9 81 78 70 E-Mail: Nicht veröffentlicht Hinweise Mehr private Telefonbucheinträge aus Lippstadt Ollech, Harald59557 Lippstadt Korte, Franz-Hermann59557 Lippstadt Heiermann, Claudia59558 Lippstadt Telefonbucheinträge von Gewerbetreibenden finden. Kostenlosen Telefonbuch-Eintrag anlegen. Impressum AGB Hilfe Liste Namen Liste Branchen Liste Orte Verzeichnisangebote und -dienstleistungen in Deutschland Telefoneintrag Heise Media Service Lokale Telefonebuchwerbung Das Örtliche Das Telefonbuch golocal Homepages Mittelstand Vebidoo billiger.de Marktjagd informiert.de heise-apps.de resmio.com appyourself.net Verzeichnisangebote und -dienstleistungen in Ausland Österreich (AT) Wohnnet Immonet Weißrussland (BY) Gelbe Seiten Auskunft Litauen (LT) Firmen, Karten, Produkte, Angebote Bauen Auto Tourismus Medizin Gelbe Seiten Regional Export Lettland (LV) Firmen, Karten, Produkte, Angebote Netzwerk von Stadtportalen Bauen Medizin Import/Export Russland (RU) Firmen, Karten, Produkte, Angebote Ukraine (UA) Gelbe Seiten Firmensuche ","title":"telefoneintrag.de - Telefonbucheintrag von Buder aus Lippstadt","desc":"Alle Kontaktinformationen mit Telefonnummer, Adresse und vielem mehr von Jörg Buder aus Lippstadt. Jetzt Kontakt aufnehmen!","details":{"length":1229,"language":"de","date":"2014/10/31 16:18:34","type":"application/xhtml+xml","country":""},"crawling":{"duration":"1","date":"2014/10/31 16:18:34"},"metas":[{"name":"robots","value":"index, follow"},{"name":"description","value":"Alle Kontaktinformationen mit Telefonnummer, Adresse und vielem mehr von Jörg Buder aus Lippstadt. Jetzt Kontakt aufnehmen!"}],"uri":{"protocol":"https","domain":"de.telefoneintrag.","url":"https://telefoneintrag.de/adressen/l/lippstadt/buder/j%c3%83%c2%b6rg/ca35ce6539682541ec294ec2a89cfaf46b59bc1618595c2b11c922e685e8533c"}}},{"_index":"de_content_201410","_type":"resourceQ","_id":"http://semags.de/search/tollwut%252bdeutschland/de.html","_score":1.0, "_source" : {"body":" semags.de Kontakt DE EN FR ES Sema [Ta ]gs tollwut deutschland tollwut deutschland Gefundene Synonyme zu \" tollwut deutschland \" Sema [Ta ]gs Suche   de         Copyright © 2014 Sema [Ta ]gs by xovilichter.tips. All Rights Reserved. Designed by Free CSS Templates. Impressum - Datenschutz ","title":"tollwut deutschland - Synonyme","desc":null,"details":{"length":290,"language":"de","date":"2014/10/31 16:18:36","type":"application/xhtml+xml","country":""},"crawling":{"duration":"1","date":"2014/10/31 16:18:36"},"metas":[{"name":"keywords","value":"tollwut deutschland"},{"name":"description","value":""},{"name":"robots","value":"INDEX,FOLLOW"}],"uri":{"protocol":"http","domain":"de.semags.","url":"http://semags.de/search/tollwut%252bdeutschland/de.html"}}},{"_index":"de_content_201410","_type":"resourceQ","_id":"http://ebase.de/www/homepage/fonds/alle-fonds/schroder-isf-italian-equity-b-dis/fidelity-funds-european-growth-fund-a-eur/flossbach-von-storch-sicav-defensiv-r","_score":1.0, "_source" : {"body":" login Kontakt Persönlicher Bereich Partner Bereich Produkte Services Über uns Sie sind hier: > Homepage > Fonds >alle Fonds   1. SICAV European Advice Equities AP2 3BG EMCore Convertibles Global (A) 4Q-SPECIAL INCOME CHF R Aberdeen (Swiss) Funds Global Gold Equity Fund Aberdeen Global - Asian Local Cur. Short Duration Bd E2 Aberdeen Global - Eastern European Equity Fund S2 Aberdeen Global - Emerging Markets Smaller Companies Fund A2 Aberdeen Global - Japanese Equity Fund A2 Aberdeen Global - Responsible World Equity Fund A2 Aberdeen Global - World Equity Dividend Fund E1 Aberdeen Global II - Asian Bond Fund A2 Hedged EUR Aberdeen Global II - Euro Short Term Bond Fund A2 Aberdeen Liquidity Fund (Lux) - US Dollar Fund A-2 ACATIS 5 Sterne-Universal-Fonds ACATIS Fair Value Aktien Global EUR ACMBernstein - American Income Portfolio A ACMBernstein - Emerging Markets Growth Portfolio A ACMBernstein - Global Growth Trends Portfolio A ACMBernstein SICAV - Eme. Markets Multi-Asset Portf. A EUR ACMBernstein SICAV - RMB Income Plus Portfolio A2 EUR ADCIRCULUM-ZIEL 6+ Advisor Global AGIF - Allianz Brazil Equity - AT - EUR AGIF - Allianz Euro Bond - A - EUR AGIF - Allianz European Equity Dividend - AT - EUR AGIF - Allianz Global Small Cap Equity - AT - (H-EUR) - EUR AGIF - Allianz Oriental Income - A - USD AGIF II - Allianz Strategie 2014 Plus - AT - EUR AktivChance Alger US MidCap Fund A Allianz Bondspezial - AT - EUR Allianz Eastern Europe Equity - A - USD Allianz Euroaktien A (EUR) Allianz FinanzPlan 2045 - C - EUR Allianz Fondsvorsorge 1957-1966 Allianz High Dividend Asia Pacific - A - EUR Allianz Money Market US $ - A - USD Allianz Rendite Extra - AT - EUR Allianz Strategiefonds Stabilität Allianz Vermögensbildung Deutschland A (EUR) ALPHA TOP SELECT balance AMF - Family & Brands Renten I Ampega Global Aktienfonds Ampega Portfolio Real Estate P AMUNDI FUNDS Absolute Volatility World Equities - AHE (D) AMUNDI FUNDS Bond Global Aggregate - AU (C) AMUNDI FUNDS Equity Emerging World - AU (C) AMUNDI FUNDS Equity Greater China - AU (C) AMUNDI FUNDS Equity US Concentrated Core AU (C) antea Strategie II Apus Capital Revalue Fonds Argentos Sauren Dynamik-Portfolio ARIQON Wachstum (T) AS-AktivPlus ASSETS Special Opportunities UI B AXA IM FIIS - US Short Duration High Yield F (thes.) USD AXA Rosenberg Global Equity Alpha Fund B AXA Rosenberg Pacific Ex-Japan Small Cap Alpha Fund B AXA WF - Emerging Markets Short Duration Bonds A (thes.) USD AXA WF - Euro Inflation Bonds A (auss.) EUR AXA WF - Framlington Europe Microcap A (thes.) AXA WF - Framlington Italy A (auss.) AXA WF - Global Aggregate Bonds A (auss.) hedged (95%) AXA WF - Global High Yield Bonds A (auss.) USD AXA WF - US High Yield Bonds A (thes.) EUR Hedged (95 %) Axxion Focus - Discount Bantleon Opportunities S PA Baring Asia Growth Fund A (USD) Baring Emerging Markets Corporate Debt Fund A (USD) Inc. Baring European Growth Trust (GBP) Inc Baring Global Select Fund (EUR) Baring Latin America Fund (EUR) Baumann Top Invest Bellevue Funds (Lux) - BB African Opportunities B EUR Berenberg - East European Equity Selection B Berenberg Emerging Markets Equity Selection R Berenberg Renminbi Bond Opportunities UI R EUR BERLIN & CO Fonds - Strategie II -ausgewogen- B Best Global Concept Bethmann Nachhaltigkeit BGF Continental European Flexible Fund A2 EUR BGF Emerging Markets Local Currency Bond Fd A4 EUR BGF Euro-Markets Fund A2 USD BGF European Special Situations Fund A2 USD BGF Global Allocation Fund A4 EUR BGF Global Enhanced Equity Yield Fund Hedged A2 EUR BGF Global Government Bond Fund Hedged A2 EUR BGF India Fund A2 USD BGF Latin American Fund A2 USD BGF United Kingdom Fund A2 EUR BGF US Dollar Short Duration Bond Fund A2 USD BGF World Agriculture Fund A2 USD BGF World Financials Fund A2 USD BGF World Mining Fund A2 USD BI SICAV - Emerging Markets Corporate Debt SRI R BL-Bond Dollar B BL-Equities Horizon B BL-Global Flexible EUR B BNP PARIBAS L1 Bond World Plus C BNP PARIBAS L1 Safe Stability W10 C BNP Paribas Plan Target Click Fund 2022 A BNP Paribas Plan Target Click Fund 2032 A BNY Mellon Absolute Return Bond Fund EUR R (Inc.) BNY Mellon Compass Fund Euro Corporate Bond Fund C BNY Mellon Euroland Bond Fund EUR A BNY Mellon Global Opportunities Fund USD A BNY Mellon Small Cap Euroland Fund EUR A BSF - BlackRock European Absolute Return Fund A2 EUR C&P Funds Classix Candriam Bonds Euro Corporate ex-Financials N Candriam Bonds Euro Long Term C Candriam Bonds Global High Yield C Candriam Bonds USD D Candriam Equities L Australia D Candriam Equities L Euro 50 N Candriam Equities L France D Candriam Equities L Netherlands C Candriam Equities L Switzerland N Candriam Quant Equities USA D Candriam Sustainable World C Capital International European Growth and Income B EUR Capital International Global Equity Bd EUR Carmignac Capital Plus A EUR Ydis Carmignac Euro-Patrimoine A EUR acc Carmignac Patrimoine A EUR acc CATUS - Global Chance P CHOM CAPITAL Active Return Europe UI R Comgest Growth Europe S EUR Cap. Commerzbank Rohstoff Strategie R EUR ComStage Dow Jones Industrial Average (TM) UCITS ETF I ComStage iBOXX EUR Germany Covered Capped 3-5 TR UCITS ETF ComStage iBOXX EUR Liquid Sovereigns Div. 3m-1 TR UCITS ETF ComStage MSCI Emerging Markets TRN UCITS ETF ComStage MSCI Russia 30% Capped TRN UCITS ETF I ComStage NYSE Arca Gold BUGS UCITS ETF I ComStage STOXX (R) Europe 600 Health Care NR UCITS ETF I ComStage STOXX® Europe 600 Const. & Mat. NR UCITS ETF I Concept Sicav - AD-VANCED ETF-DACHFONDS N Constantia Multi Invest 92 C-QUADRAT ARTS Best Momentum (VT) AT C-QUADRAT ARTS Total Return Garant (VT) AT Credit Suisse SICAV (Lux) Equity Biotechnology B CS (Lux) Global Security Equity Fund BH EUR CS Bond Fund (Lux) Inflation Linked (Sfr) B CS Equity Fund (Lux) Global Prestige B CS Equity Fund (Lux) USA Value B CS MACS Classic 40 B CS Portfolio Fund (Lux) Income (SFR) A CSR Ertrag Plus D&R Substanz Danske Invest - Europe Focus A Danske Invest - India A (Lux) DB Platinum Agriculture Euro R1C DB Platinum CROCI World R1C-E db PrivatMandat Comfort - Einkommen (U) db x-trackers Euro Stoxx 50® UCITS ETF (DR) 1C db x-trackers II iBoxx EUR Germany Covered 1-3 TR Idx ETF 1C db x-trackers MSCI AC World Index UCITS ETF (DR) 1C db x-trackers MSCI World Industrials Index UCITS ETF 1C db x-trackers Stoxx® Europe 600 Industr. Goods UCITS ETF 1C DBV-Win Fund Euro Stoxx 50® Deka Bund + S Finanz: 3-7 TF Deka-Commodities TF (A) Deka-Euro Renten AbsoluteReturn Deka-EuropaBond TF Deka-EuroStocks CF Deka-Global ConvergenceRenten TF Deka-LiquiditätsPlan 2 TF DekaLux-GlobalResources CF DekaLuxTeam-GlobalSelect CF Deka-OptiRent 2y CF Deka-Renten: Euro 3-7 CF (B) DekaSelect: Nachhaltigkeit DekaStruktur: 3 ErtragPlus DekaStruktur: 5 Wachstum DekaValor Deka-WorldTopGarant 1 Delta Lloyd L Cyrte Global Fund A Deutsche Bank Ertrag Plus Deutsche Postbank Protekt Plus DJE - Dividende & Substanz PA (EUR) DKB Nordamerika Fonds TNL DKO-Lux-Renten Hybrid DNB - Navigator A DNB - TMT Absolute Return A EUR DWS Akkumula DWS Concept Kaldemorgen LD DWS Dividende USA Direkt 2014 DWS Europe Convergence Bonds DWS Funds Global Protect 90 DWS Global Protect 80 II DWS Internationale Renten Typ O DWS Invest Asian Small/Mid Cap USD LC DWS Invest Convertibles LD DWS Invest Emerging Markets Top Dividend USD LC DWS Invest Euro-Gov Bonds LC DWS Invest Global Emerging Markets Equities LC DWS Invest Government Liquidity Fund NC DWS Invest II Global Growth NC DWS Invest Multi Asset Allocation NC DWS Invest Top Dividend LC DWS Megatrend Performance 2016 DWS SachwertStrategie Protekt Plus DWS Top Dynamic DWS US Equities Typ O DWS Vorsorge AS (Flex) DWS Zürich Invest Aktien Schweiz Earth Gold Fund UI (GBP F) Edmond de Rothschild China A Edmond de Rothschild Fund Euro Government Bonds Mid Term A Edmond de Rothschild India A Eniso Forte E ErtragsReturnPortfolio OP S ESPA BOND EMERGING-MARKETS (T) ESPA RESERVE EURO (T) ESPA STOCK EUROPE-EMERGING (T) Ethna-AKTIV E A EuroRent-INVEST F&C Emerging Markets Bond F&C High Income Bond Fund EUR B Fairassetmanagementfunds Flexible FFPB Kupon Fidelity Funds - America Fund A (EUR) Fidelity Funds - Asia Pacific Property Fund A (EUR) Fidelity Funds - Asian Special Situations Fund A (USD) Fidelity Funds - EMEA Fund A (EUR) Fidelity Funds - Emerging Market Debt Fund A Acc (EUR) Fidelity Funds - Euro Bond Fund A (EUR) Fidelity Funds - European Dividend Fund - A (EUR) Fidelity Funds - European High Yield Fund A Acc (EUR) Fidelity Funds - Fidelity Target 2025 Euro Fund A (EUR) Fidelity Funds - FPS Growth Fund A (EUR) Fidelity Funds - Global Corporate Bond Fund A Acc (EUR) Hed. Fidelity Funds - Global Health Care Fund A Acc (EUR) Fidelity Funds - Global Property Fund A (EUR) Fidelity Funds - Global Telecommunications Fund A (EUR) Fidelity Funds - India Focus Fund A (USD) Fidelity Funds - Japan Advantage Fund A Acc (EUR) Fidelity Funds - Latin America Fund E Acc (EUR) Fidelity Funds - Multi Asset Strategic Fund A (USD) Fidelity Funds - South East Asia Fund A Acc (EUR) Fidelity Funds - US Dollar Bond Fund A Acc (USD) Fidelity Funds II - US Dollar Currency Fund A (USD) First Private Europa Aktien ULM A First State Emerging Markets Bond Fund A Inc Hedged First State Global Resources Fund A Acc EUR FIVV-Mandat-Wachstum-UI Flossbach von Storch - Global Equity R FM Core Index Selection Fund Fonds für Stiftungen Invesco Frankfurter Aktienfonds für Stiftungen T Franklin Euro High Yield Fund Class A (Mdis) USD Franklin European Growth Fund Class A (acc) Franklin Global Allocation Fund A (acc) CHF-H1 Franklin Global Equity Strategies Fund A (Ydis) EUR Franklin Global Growth Fund Class A (acc) EUR Franklin Gold and Precious Metals Fund Class A (acc) EUR Franklin India Fund Class A (acc) EUR Franklin MENA Fund Class A (acc) EUR-H1 Franklin Mutual European Fund Class A (acc) USD Franklin Natural Resources Fund N (acc) EUR Franklin Strategic Income Fund A (Mdis) EUR Franklin U.S. Government Fund Class A (acc) USD Franklin U.S. Small-Mid Cap Growth Fund Class A (acc) USD FT Emerging ConsumerDemand (PT) FT Frankfurt-Effekten-Fonds FTC GLOBAL DIVERSIFIED (EUR-A) GAM Star Asia-Pacific Equity CHF acc. GAM Star European Equity EUR acc. GAM Star Japan Equity USD acc. GECAM ADVISER FUND - GLOBAL BALANCED B Generali AktivMix Vario Select Generali Inv. SICAV - Euro Corporate Bonds Dx Generali Inv. SICAV - German Equities Dx Generali Komfort Dynamik Global GLG Japan CoreAlpha Equity Class D H EUR Global Markets Trends GLOCAP HAIG Active Beta B Goldman Sachs BRICs Portfolio EUR Hedged Acc. Goldman Sachs GIVI Europe Equity Portfolio Base Dist. Snap Goldman Sachs Global High Yield Portfolio Base Acc. Goldman Sachs Global Small Cap CORE Equity Port. E Acc Close Goldman Sachs Growth & Em. Mrkets Broad Eqty Portf. Cl. E Goldman Sachs Growth Emer. Markets Debt Portf. EURH Acc Goldman Sachs N-11(SM) Equity Portfolio Base Dist. Goldman Sachs US Equity Portfolio A Dist. Goldman Sachs US Real Estate Balanced Portf. Base Acc. Goyer & Göppel Smart Select Universal Grüner Fisher Global UI GS&P Fonds Schwellenländer Anleihen R H & A Lux Wandelanleihen Fonds A HAIG Global Concept Fonds HAIG Select Formel 50 B HANSAeuropa HANSAzins HELLERICH WM Sachwertaktien A Henderson Gartmore Latin American Fund R EUR Acc Henderson Horizon Asian Growth Fund A2 Henderson Horizon Euro High Yield Bond Fund A2 EUR Henderson Horizon Pan European Alpha Fund A1 EUR HMT Absolute Return Aktien HSBC GIF Asia ex Japan Equity Smaller Companies AC HSBC GIF BRIC Equity AC HSBC GIF Euro Credit Bond AC HSBC GIF European Equity AC HSBC GIF Global Emerging Markets Equity AC HSBC GIF Global Inflation Linked Bond AC HSBC GIF Korean Equity AC HSBC GIF Singapore Equity AC HSBC GIF US Dollar Bond AD HSBC Trinkaus Multi Markets Select MD HVB Vermögensdepot privat Chance Plus PI HWB Umbrella Fund - HWB Renten Portfolio Plus R IAMF - Global Invest Portfolio IAMF - Top Select Portfolio ING (L) - Invest Emerging Markets High Dividend P Cap. ING (L) - Invest Latin America P Cap. EUR Inovesta Stabil Warburg Invest Invesco Asia Balanced Fund A (EUR Hedged) thes. Invesco Asian Bond Fund A thes. Invesco Emerging Europe Equity Fund A Invesco Euro Corporate Bond Fund A auss. Invesco Global Bond Fund A Invesco Global Real Estate Securities Fund A Invesco Global Total Return (EUR) Bond Fund A thes. Invesco Japanese Equity Core Fund A (EUR Hedged) acc Invesco Pan European Focus Equity Fund A auss. Invesco Umwelt und Nachhaltigkeits Fonds Investec GSF - Emer. Mrkts Local Curr. Debt Fund A Acc USD iShares DivDAX (R) (DE) iShares EURO STOXX Select Dividend 30 (DE) iShares STOXX Europe 600 Utilities (DE) Janus Global Life Sciences Fund - A USD Janus US Short-Term Bond Fund - A2 Euro JPM Aggregate Bond A (acc) - EUR (hedged) JPM Brazil Equity Fund D (acc) - EUR JPM Emerging Markets Debt A (acc) - EUR (hedged) JPM Emerging Markets Local Currency Debt A (acc) - USD JPM Euro Aggregate Bond A (inc) - EUR JPM Europe Aggregate Plus Bond A (acc) - EUR JPM Europe Equity Plus D (acc) - EUR JPM Europe Select Equity Plus A (dist) - GBP JPM Europe Strategic Value A (dist) - EUR JPM Global Balanced A (dist) - EUR JPM Global Convertibles (EUR) A (dist) - EUR JPM Global Dynamic A (dist) - GBP JPM Global Government Bond Fund A (acc) - EUR JPM Global Income A (inc) - EUR JPM Global Socially Responsible A (dist) - USD JPM Highbridge Statistical Market Neutral A (inc) - EUR JPM Latin America Equity A (acc) - USD JPM Turkey Equity A (acc) - EUR JPM US Equity A (dist) - USD JPM US Select Equity Plus A (acc) - USD JPMorgan ASEAN Equity A (acc) - EUR JPMorgan Hong Kong A (acc) - USD JPMorgan Pacific Equity A (acc) - USD Julius Baer Absolute Return Bond Fund A Julius Baer Absolute Return Emerging Bond Fund (EUR) B Julius Baer Agriculture Fund (EUR) A Julius Baer Commodity Fund (USD) - EUR A Julius Baer Emer. Markets Inflation Linked Bond Fund (USD) A Julius Baer Euro Large Cap Stock Fund (EUR) A Julius Baer Global Convert Bond Fund (CHF) A Julius Baer Global High Yield Bond Fund A Julius Baer Local Emerging Bond Fund (USD) A Julius Baer Russia Fund (EUR) A Julius Baer US Leading Stock Fund A Jupiter European Growth I Jupiter India Select L USD Jyske Invest Chinese Equities Jyske Invest Growth Strategy Kapital Ertrag Global P Kathrein European Equity (T) KBC Bonds Convertibles (auss.) KBC Bonds Europe (thes.) KBC Eco Fund Alternative Energy (thes.) KBC Equity Fund BuyBack Europe (auss.) KBC Equity Fund Food & Personal Products (thes.) KBC Equity Fund New Asia (thes.) KBC Renta AUD-Renta (auss.) Keppler Lingohr Global Equity Klassik Dollar Spar Fonds A Klassik Strategie Wachstum Fonds A Köln-Rentenfonds Deka Lacuna - Adamant Asia Pacific Health P LBBW Aktien Deutschland LBBW Dividenden Strategie Euroland R LBBW Konsum Dynamik Global LBBW Rohstoffe 2 LS R Legg Mason ClearBridge Growth Fund A USD auss. (A) Legg Mason Western Asset Glob. Multi Strategy A USD aus. (D) LGT Bond Fund Global Inflation Linked (EUR) B LGT Select Equity Emerging Markets (USD) B LGT Strategy 5 Years (EUR) B LO Funds - Europe High Conviction P D Lupus alpha Smaller Euro Champions A LuxTopic - DJE Cosmopolitan PA LYXOR ETF EUROMTS 1-3Y LYXOR ETF FTSE EPRA/NAREIT United States D LYXOR ETF Russia (Dow Jones Russia GDR) C LYXOR UCITS ETF Eastern Europe (CECE) LYXOR UCITS ETF JAPAN (TOPIX) - D-EUR LYXOR UCITS ETF MSCI MALAYSIA C LYXOR UCITS ETF STOXX Europe 600 Chemicals LYXOR UCITS ETF STOXX Europe 600 Technology M&G Asian Fund A M&G European Inflation Linked Corporate Bond Fund A EUR M&G Global Dividend Fund A EUR inc M&G Global Real Estate Securities Fund A EUR M&G Recovery Fund A Macquarie MS Equities North America Magna Emerging Markets Dividend Fund R acc MainFirst Classic Stock Fund A Man Convertibles Europe Class MUS D5 EUR Shares Max Otte Vermögensbildungsfonds AMI P (t) MEAG GlobalBalance DF Meinl QUATTRO eu Meridio Funds - Multi Asset Strategy P Metzler Aktien Europa AR Metzler Renten Allstyle MFS Meridian Funds - European Core Equity Fund A1 EUR MFS Meridian Funds - High Yield Fund A1 USD MMT Global Selection B Monega Germany Morgan Stanley Emer. Markets Domestic Debt Fd (USD) A Morgan Stanley European Property Fund (EURO) A Morgan Stanley Global Quality Fund (USD) A morgen Aktien Global UI MULTI-AXXION - ABSOLUTE RETURN MULTIWERT SUPERFUND ABSOLUTE RETURN NaspaFondsStrategie: Chance Plus NESTOR Osteuropa Bond Fonds Newton Higher Income Fund (GBP) Nomura Asia Pacific Fonds NORD/LB Lux Umbrella Fonds - NORD/LB Horizont Fonds CF (B) Nordea-1 Asian Focus Equity Fund BP-EUR Nordea-1 Emerging Consumer Fund BP-EUR Nordea-1 European High Yield Bond Fund BP-EUR Nordea-1 Global Stable Equity Fund - Euro Hedged BP-EUR Nordea-1 Nordic Equity Fund BP-EUR Nordea-1 North American Value Fund AP-USD Nordea-1 Norwegian Kroner Reserve BP-NOK Nordea-1 Swedish Kroner Reserve BP-SEK NV Strategie - Dynamic P ÖkoWorld ÖkoVision Classic A Old Mutual Global Bond Fund Old Mutual Pacific Equity Fund OP Exklusiv Renten Chance OptiTrend Balance R Oyster European Mid & Small Cap EUR2 Oyster Japan Opportunities EUR PARIUM - Balanced Fund P Parvest Bond Best Selection World Emerging D H (EUR) Parvest Bond Euro Long Term C Parvest Bond World Emerging Local C Parvest Diversified Dynamic C Parvest Equity BRIC C Parvest Equity Germany C Parvest Equity Japan C H (EUR) Parvest Equity Turkey C Parvest Equity World Energy D Parvest Flexible Bond Europe Corporate D Parvest Real Estate Securities World C Parvest World Commodities C H (EUR) Patriarch Select Ertrag B PEH Renten EvoPro P PensionProtect 2022 A (ND) PETERCAM L Bonds Emerging Markets Sustainable A Phaidros Funds - Conservative C Pictet - Agriculture-P dy EUR Pictet - CHF Bonds-P Pictet - Emerging Local Currency Debt-P EUR Pictet - EUR Inflation Linked Bonds-P Pictet - European Sustainable Equities-P EUR Pictet - Global Emerging Debt-P USD Pictet - Japanese Equity Opportunities-P JPY Pictet - Security-P EUR Pictet - Sovereign Short-Term Money Market EUR P Pictet - USA Index-P USD PIMCO Funds - Diversified Income Fund E EUR (Hedged) acc PIMCO Funds - Global Bond Fund G Retail EUR (Hedged) inc PIMCO Funds - Total Return Bond Fund G EUR (Hedged) inc PineBridge Global Funds - PineBridge India Equity Fund A Pioneer Funds - Commodity Alpha A EUR (ND) Pioneer Funds - Emerging Markets Bond A USD (DA) Pioneer Funds - Euro Bond A EUR (ND) Pioneer Funds - Euro Short-Term C EUR (ND) Pioneer Funds - Global Ecology A EUR (DA) Pioneer Funds - Italian Equity A EUR (ND) Pioneer Funds - Strategic Income A EUR (ND) Pioneer Funds - U.S. Fundamental Growth A EUR (ND) Pioneer Funds - U.S. Pioneer Fund A EUR (ND) Pioneer Funds Austria - Austria Stock (VT) AT Pioneer Funds Austria - Euro Government Bond (A) Pioneer Funds Austria - Russia Stock (T) Pioneer Investments Euro Geldmarkt Pioneer P.F. - Global Balanced 50 A EUR (ND) Pioneer S.F. - Euro Curve 3-5 year A EUR (DA) Plutos - International Fund Postbank Europa PRIMA - Globale Werte A Private Banking Invest 100 (T) Profi-Balance PSM Growth UI Quant.Möbius Golden Cross Diversified R Raiffeisen-Dynamic-Bonds (R) (A) Raiffeisen-Eurasien-Aktien (A) Raiffeisen-EuroPlus-Rent (A) Raiffeisen-Global-Mix (A) Raiffeisen-Osteuropa-Aktien (A) Renasset Eastern European Fund B EUR Robeco All Strategy Euro Bonds (EUR) D Robeco European Conservative Equities (EUR) D Robeco Lux-o-rente (CHF) DH Robeco US Select Opportunities Equities (USD) D RobecoSAM Sustainable Global Active Fund B RP Global Absolute Return Bond RR Analysis TopSelect Universal S3 (T) Sarasin EmergingSar - Global P USD dist Sarasin OekoFlex (EUR) B Sarasin Sustainable Equity - Global P EUR dist Sauren Absolute Return Dynamic D Sauren Global Defensiv C Sauren Zielvermögen 2040 Schroder ISF Asian Convertible Bond B Acc Schroder ISF Asian Opportunities A Dis Schroder ISF BRIC (Brazil, Russia, India, China) A Acc Schroder ISF Emerging Europe A Dis Schroder ISF Emerging Markets Debt Absol Ret B Dis Schroder ISF EURO Corporate Bond A Dis Schroder ISF EURO Government Bond A Acc Schroder ISF European Dividend Maximiser EUR A Acc Schroder ISF European Equity Yield B Acc Schroder ISF European Special Situations A Acc Schroder ISF Global Bond EUR Hedged A Acc Schroder ISF Global Convertible Bond A Acc Schroder ISF Global Demographic Opportunities A Acc Schroder ISF Global Dynamic Balanced A A Schroder ISF Global Energy GBP A Dis Schroder ISF Global Inflation Linked Bond A Acc Schroder ISF Global Property Securities A Acc Schroder ISF Greater China EUR A Acc Schroder ISF Japanese Equity B Acc Schroder ISF Latin American A Dis Schroder ISF Strategic Bond A Acc Schroder ISF Taiwanese Equity A Acc Schroder ISF US Dollar Bond B Acc Schroder ISF US Smaller Companies A Acc SEB Concept Biotechnology D SEB European Equity Small Caps SEB TrendSystem® Renten II Siemens Euroinvest Aktien SKALIS Evolution Flex R smart-invest global - CANIS P Spängler IQAM Bond Corporate (A) Spängler IQAM SparTrust M (T) Sparinvest - European Value EUR R Special Opportunities OP SSgA Europe Alpha Equity Fund I StarCapital Winbonds plus A Stiftungsfonds Spiekermann & CO Stratego Grund Swiss&Global AM Deutsche Aktien B Swisscanto (LU) Bond Invest International A Swisscanto (LU) Equity Fund Top Dividend Europe A Swisscanto (LU) Portfolio Fund Green Invest Equity A SWuK Renten Flexibel UI R Templeton Asian Bond Fund Class A (Mdis) EUR Templeton Asian Growth Fund Class N (acc) USD Templeton BRIC Fund Class N (acc) EUR Templeton Emerging Markets Balanced Fund A (Ydis) EUR-H1 Templeton Emerging Markets Smaller Companies Fund A acc USD Templeton European Total Return Fund A (acc) EUR Templeton Global (Euro) Fund Class N (acc) Templeton Global Bond Fund Class A (acc) EUR Templeton Global Bond Fund Class N (Ydis) EUR-H1 Templeton Global Income Fund Class A (acc) EUR Templeton Global Total Return Fund A (Mdis) USD Templeton Growth (Euro) Fund Class A (Ydis) The Alger American Asset Growth Fund A Threadneedle (Lux) Emerging Market Debt AEH Threadneedle (Lux) Global Emerging Market Equities AU Threadneedle (Lux) Global Opportunities Bond AU EUR Threadneedle American Extended Alpha Fund 1 EUR Threadneedle China Opportunities Fund 1 EUR Net acc. Threadneedle European Smaller Companies Fund 1 EUR Net acc. Threadneedle Japan Fund 1 JPY Net acc. Threadneedle Target Return Fund 1 EUR Net acc. Tocqueville Gold P TopGeld 90SI Tri Style Fund (T) UBAM - IFDC Japan Equity AC UBS (D) Konzeptfonds III UBS (Lux) Bond Fund - CHF P-dist UBS (Lux) Bond Fund - Global (CHF) P-dist UBS (Lux) Bond Sicav - Short Term EUR Corporates P-acc UBS (Lux) Equity - Small Caps Europe (EUR) P-acc UBS (Lux) Equity Fund - China Opportunity (USD) P-acc UBS (Lux) Equity Fund - Financial Services (EUR) P-acc UBS (Lux) Equity Fund - Mid Caps USA (USD) P-acc UBS (Lux) Medium Term Bond Fund - EUR P-acc UBS (Lux) Money Market Fund - EUR P-acc UBS (Lux) Strategy Fund - Balanced (EUR) P-C-dist UBS (Lux) Strategy Fund - Fixed Income (EUR) P-acc UBS (Lux) Strategy Fund - Yield (EUR) P-dist UBS Emerging Eco. - Gbl Short Term (USD) P-acc UBS Key Selection - Gbl.Allo.Foc.Europe (EUR) USD P-acc UniDeutschland UniEM Osteuropa UniEuropaRenta -net- UniEuroStoxx 50 A UniGlobal -net- UniNachhaltig Aktien Global UniRak Emerging Markets A UniSector: HighTech A UniValueFonds: Europa -net- A USM - Fonds für Vermögensentwicklung A Vates - Parade Fonds EUR B Vermögensanlage AltBayern Basis Vilico - Value Opportunity Fund Vontobel Fund - Clean Technology B-EUR Vontobel Fund - Euro Money B-EUR Vontobel Fund - Global Equity (ex US) B-USD Vontobel Fund - Robusta H-CHF (hedged) Vontobel Fund - US Dollar Bond B-USD VR Westmünsterland Select W&W Quality Select Aktien Europa EUR WALSER PORTFOLIO German Select WARBURG-DAXTREND-FONDS WARBURG-WACHSTUM-STRATEGIEFONDS R WestInvest InterSelect WIP Emerging Markets Fixed Income Fund AX 1 (USD) WWK Select Balance ZinsPlus OP © European Bank for Financial Services GmbH (ebase ®) Datenschutz | Impressum | FAQ | Hinweise | Sitemap | Fondsspektrum ","title":"\n\tebase Homepage - alle Fonds\n","desc":null,"details":{"length":23979,"language":"en","date":"2014/10/31 16:18:36","type":"text/html","country":""},"crawling":{"duration":"1","date":"2014/10/31 16:18:36"},"metas":[{"name":"viewport","value":"width=device-width, initial-scale=1.0"}],"uri":{"protocol":"http","domain":"de.ebase.","url":"http://ebase.de/www/homepage/fonds/alle-fonds/schroder-isf-italian-equity-b-dis/fidelity-funds-european-growth-fund-a-eur/flossbach-von-storch-sicav-defensiv-r"}}},{"_index":"de_content_201410","_type":"resourceQ","_id":"http://picard-lederwaren.de/herren/handytasche/?force_sid=c2482c3905072cb53e732d3bdc5481c4","_score":1.0, "_source" : {"body":" Startseite New Arrivals Fashion Abendtaschen Shopper Schultertasche Beuteltasche Henkeltasche Rucksack Premium Herrentasche Herrengeldbörse Damentasche Damengeldbörse Business Trolley Umhängetasche Aktentasche Laptoptasche Schreibmappe Rucksack Accessoires Schlüsseletui Portemonnaie Schlüsselanhänger Switchbag Kartenetui Handytasche Travel Reisetasche Trolley Kulturbeutel Rucksack Travel-Accessoires Gürteltasche Herren Aktentasche Geldbörse Gürteltasche Handytasche Kartenetui Kulturbeutel Laptoptasche Portemonnaie Reisetasche Rucksack Schlüsseletui Schreibmappe Shopper Travel-Accessoires Trolley Umhängetasche Sale % Fashion Accessoires Travel Herren Unternehmen Shoplocator B2B Hilfe & Kontakt Warenkorb (0 Artikel) Login Registrieren Login Passwort vergessen? eingeloggt bleiben de en RU CN Startseite /  Herren /  Handytasche Herren Aktentasche Geldbörse Gürteltasche Handytasche Kartenetui Kulturbeutel Laptoptasche Portemonnaie Reisetasche Rucksack Schlüsseletui Schreibmappe Shopper Travel-Accessoires Trolley Umhängetasche Auswahl Farbe blau braun grau grün rot schwarz Serie Eurojet Phone Porto Sortierung: Neu Name Preis 1 2 Nächstes Handytasche Phone weiß 29,95 € Handytasche Phone weiß 32,99 € Handytasche Phone weiß 79,95 € Handytasche Phone weiß 79,95 € Handytasche Eurojet schwarz 39,99 € Handytasche Phone schwarz 79,95 € Handytasche Phone rot 79,95 € Handytasche Phone schwarz 79,95 € Handytasche Phone rot 79,95 € Handytasche Phone jeans 55 € 79,95 € Handytasche Phone limette 55 € 79,95 € Handytasche Phone jeans 55 € 79,95 € Handytasche Phone limette 55 € 79,95 € Handytasche Porto schwarz 39,99 € Handytasche Porto rot 39,99 € Handytasche Porto cognac 39,99 € Handytasche Porto limette 27 € 39,99 € Handytasche Eurojet schwarz 32,99 € Handytasche Phone schwarz 29,95 € Handytasche Phone rot 29,95 € Handytasche Phone jeans 29,95 € Handytasche Phone schwarz 32,99 € Handytasche Phone berry 23 € 32,99 € Handytasche Phone rot 32,99 € 1 2 Nächstes Hilfe & Kontakt Impressum AGB Datenschutz Widerrufsrecht Lieferbeschränkungen Informationspflichten Gewährleistung, Garantien & Kundendienst Karriere News Pflegehinweis Wir akzeptieren: Newsletter Abonnieren Folgen Sie uns auf Facebook Copyright © Picard 2014 Hinweis zum Datenschutz bei der Nutzung der Facebook Plugins Hier kË†nnen Informationen zur â€¹bermittlung personenbezogener Daten an Facebook hinterlegt werden. Bei der Nutzung der Facebook Plugins wird eine Verbindung zu Facebook hergestellt, damit Sie Inhalte mit anderen Usern teilen kË†nnen. Sollten Sie beim Besuch des Online-Shops die Plugins nutzen und gleichzeitig bei Facebook eingeloggt sein, werden personenbezogene Daten automatisch an Facebook Âžbermittelt. Der Umfang der Datenerhebung sowie die weitere Verarbeitung und Nutzung der Daten kann in den Datenschutzhinweisen von Facebook nachgelesen und individuell konfiguriert werden. ","title":"Picard | Handytasche ","desc":"Picard Herren - Handytasche. Hochwertige Lederwaren seit 1928","details":{"length":2882,"language":"de","date":"2014/10/31 16:18:34","type":"text/html","country":""},"crawling":{"duration":"1","date":"2014/10/31 16:18:34"},"metas":[{"name":"apple-itunes-app","value":"app-id=529501069"},{"name":"description","value":"Picard Herren - Handytasche. Hochwertige Lederwaren seit 1928"},{"name":"keywords","value":"herren, handytasche"},{"name":"og:site_name","value":"http://www.picard-lederwaren.de/"},{"name":"fb:app_id","value":"294027283968741"},{"name":"og:title","value":"Picard | Picard | Handytasche "},{"name":"og:type","value":"website"},{"name":"og:image","value":"http://www.picard-lederwaren.de/out/picard/img/logo.png"},{"name":"og:url","value":"http://www.picard-lederwaren.de/"}],"uri":{"protocol":"http","domain":"de.picard-lederwaren.","url":"http://picard-lederwaren.de/herren/handytasche/?force_sid=c2482c3905072cb53e732d3bdc5481c4"}}},{"_index":"de_content_201410","_type":"resourceQ","_id":"http://rosenheim.bund-naturschutz.de/ortsgruppen/rosenheim/leserbrief-zur-vertragsunterzeichnung-fuer-die-bbt-zulaufstrecke.html","_score":1.0, "_source" : {"body":" Menu Der BUND Naturschutz Kreisgruppe Rosenheim Home Suchen Aktuelles Brennpunkte vor Ort Autobahn A8 Brenner-Basistunnel Europäische Umgebungslärmrichtlinie LSG Inntal-Süd Mangfall Westtangente Windkraft Tetra- und Mobilfunk Natur vor der Haustür Öko-Tipps Bio? Wo? Her damit! Roundup - der richtige Weg? Energie in Bürgerhand Veranstaltungen Ortsgruppen Aschau Bad Aibling Bernau Brannenburg Bruckmühl Feldkirchen Großkarolinenfeld Kiefer-Oberaudorf Kolbermoor Nußdorf-Neubeuern Prien Raubling Rimsting Rosenheim Samerberg Söchtenau Stephanskirchen Wasserburg Arbeitsgruppen Arbeitskreis Gentechnik Kinder+Jugend Umweltbildung Ältere Berichte 2013 2011 2010 Kontakte+Service Links Ziele+Aufgaben Impressum Facebook Twitter Youtube RSS Home Ortsgruppen Rosenheim Geht’s wirklich los? Leserbrief vom Juni 2012 zum Bericht \" Jetzt gehts los\" im OVB zur Vertragsunterzeichnung für die BBT-Zulaufstrecke Glaube kann ja bekanntlich Berge versetzen. Aber wer glaubt noch an eine Inbetriebnahme des Brenner-Basistunnels im Jahr 2026, wenn der Haupttunnel-Bau nach x-maliger Verschiebung frühestens 2016 begonnen werden soll? Wer glaubt an eine gesicherte Finanzierung des Projekts, bei dem allein das hochverschuldete Italien geschätzte 20 Milliarden Euro für seinen Anteil am BBT und für 190 Kilometer größtenteils unterirdische Zulaufstrecke tragen müsste? Wer glaubt an eine neue ideale Bahntrasse im Inntal in Anbetracht der Enge des Tals, des miserablen Nutzen/Kosten-Verhältnisses und der Kapazität der bestehenden Strecke? Wer glaubt an eine echte Verlagerung von der Straße auf die Schiene, wenn es nicht einmal die BBT-Planer selbst tun? Statt auf Schaufenster-Veranstaltungen unerfüllbare Hoffnungen zu wecken und weiter Zeit und Geld zu verschwenden, sollte endlich unnötiger LKW-Verkehr und Umwegverkehr eingeschränkt werden. Müssen beispielsweise Schweine tot oder lebendig Hunderte von Kilometern quer durch Europa und über die Alpen gefahren werden, damit daraus ein Parma-Schinken wird, eventuell mit ähnlichem Rückweg? Dass der LKW-Verkehr am Brenner viel stärker als an anderen Pässen steigt, ist kein Naturgesetz, sondern durch Rahmenbedingungen wie die niedrige Maut in Deutschland, ungleiche Diesel-Steuersätze und eine fehlende Alpentransit-Börse bedingt. Im Interesse von Lebensqualität und Tourismus auch im Inntal sollten die Politiker an diesen Schrauben drehen und das gesparte Geld in Bahn-Projekte stecken, die wirklich eine Verkehrsverlagerung und besseren Lärmschutz bringen. Zur gekürzten Version im OVB... Weiterer Leserbrief zum BBT und zur Zulaufstrecke... Zur Ortsgruppe Rosenheim... Aktuelles Brennpunkte vor Ort Natur vor der Haustür Öko-Tipps Veranstaltungen Ortsgruppen Aschau Bad Aibling Bernau Brannenburg Bruckmühl Feldkirchen Großkarolinenfeld Kiefer-Oberaudorf Kolbermoor Nußdorf-Neubeuern Prien Raubling Rimsting Rosenheim Samerberg Söchtenau Stephanskirchen Wasserburg Arbeitsgruppen Kinder+Jugend Umweltbildung Ältere Berichte Kontakte+Service Kreisgruppe Rosenheim Vorsitz: Peter Kasperczyk Steinbökstr. 7 83022 Rosenheim Tel: 08031 12882 Fax: 08031 12834 Mitglied werden Online spenden Schenken+Helfen Aktiv dabei sein Helfen Mitglied werden Spenden BN Stiftung Informieren Kontakt Impressum+Datenschutz Facebook Twitter Youtube Newsletter N+U ","title":"Leserbrief zur Vertragsunterzeichnung für die BBT-Zulaufstrecke - BUND Naturschutz in Bayern e.V.","desc":null,"details":{"length":3289,"language":"de","date":"2014/10/31 16:18:34","type":"text/html","country":""},"crawling":{"duration":"1","date":"2014/10/31 16:18:34"},"metas":[{"name":"generator","value":"TYPO3 6.2 CMS"},{"name":"viewport","value":"width=device-width, initial-scale=1.0"}],"uri":{"protocol":"http","domain":"de.bund-naturschutz.rosenheim.","url":"http://rosenheim.bund-naturschutz.de/ortsgruppen/rosenheim/leserbrief-zur-vertragsunterzeichnung-fuer-die-bbt-zulaufstrecke.html"}}},{"_index":"de_content_201410","_type":"resourceQ","_id":"http://division-gaming.de/forum/ucp.php?mode=delete_cookies&sid=423d2c82f0f2cc29d14bffa36101d224","_score":1.0, "_source" : {"body":" Multigaming-Community since 2012 D | Division-Gaming.de Zum Inhalt Erweiterte Suche Foren-Übersicht Ändere Schriftgröße FAQ Registrieren Anmelden Alle Cookies des Boards löschen Sind Sie sich sicher, dass Sie alle Cookies des Boards löschen möchten?   Foren-Übersicht Das Team • Alle Cookies des Boards löschen • Alle Zeiten sind UTC + 1 Stunde [ Sommerzeit ] Powered by phpBB® Forum Software © phpBB Group Lucid Lime style by Eric Seguin Deutsche Übersetzung durch phpBB.de ","title":"Multigaming-Community since 2012 • Persönlicher Bereich • Alle Cookies des Boards löschen","desc":null,"details":{"length":476,"language":"de","date":"2014/10/31 16:18:35","type":"application/xhtml+xml","country":""},"crawling":{"duration":"1","date":"2014/10/31 16:18:35"},"metas":[{"name":"resource-type","value":"document"},{"name":"distribution","value":"global"},{"name":"keywords","value":""},{"name":"description","value":""}],"uri":{"protocol":"http","domain":"de.division-gaming.","url":"http://division-gaming.de/forum/ucp.php?mode=delete_cookies&sid=423d2c82f0f2cc29d14bffa36101d224"}}},{"_index":"de_content_201410","_type":"resourceQ","_id":"http://hamburgparty.de/suchen/tanz+in+den+mai+river+kasematten+hamburg","_score":1.0, "_source" : {"body":" TANZ IN DEN MAI RIVER KASEMATTEN HAMBURG tanz in den mai river kasematten hamburg Älteste Tätowierstube in Deutschland Günter Götz Hamburg   / Cityguide / Styling   .... 25minutes GmbH Hamburg   / Cityguide / Sport & Fitness   .... A.S.VC. All Style Ving Chun Akademie Hamburg Hamburg   / Cityguide / Sport & Fitness   .... A.S.VC. Birol Özden Akademie Hamburg   / Cityguide / Sport & Fitness   .... A.S.VC. Birol Özden Ving Chun Akademie Hamburg   / Cityguide / Sport & Fitness   .... ACADEMY Hamburg   / Cityguide / Sport & Fitness   .... ADTV Tanzschule Philippsen   / Cityguide / Sport & Fitness   .... AIKIDO SCHULE HAMBURG   / Cityguide / Sport & Fitness   .... ALNO Küchenwelten Hamburg   / Cityguide / Kunst & Kultur   .... AMTV Fitness Studio Hamburg   / Cityguide / Sport & Fitness   .... AOK-Hamburg   / Cityguide / Sport & Fitness   .... Ab Hamburg   / Cityguide / Clubs & Locations   .... Akademie Hamburg für Musik und Kunst   / Cityguide / Kunst & Kultur   .... Akademie für Bodybuilding, Fitness und Ernährung Hamburg   / Cityguide / Sport & Fitness   .... Alber Schäfer Saal Handelskammer Hamburg   / Cityguide / Kunst & Kultur   .... Alexandra Rolg Usina Beherbergungsbetrieb Hamburg   / Cityguide / Hotel   .... Alsterfit Hamburg   / Cityguide / Sport & Fitness   .... Andre Kisicki Fitness Sport Department Hamburg   / Cityguide / Sport & Fitness   .... Andreas Beckmann Sun Dreams Hamburg   / Cityguide / Sport & Fitness   .... Andreas Schlomann und Sebastian Klatt Clever Fit Hamburg   / Cityguide / Sport & Fitness   .... Appartementhaus Lorenz Hamburg   / Cityguide / Hotel   .... Aspria Alstertal GmbH Hamburg   / Cityguide / Sport & Fitness   .... Aspria Sport, Spa & Family Club Hamburg   / Cityguide / Sport & Fitness   .... Atvsports Hamburg   / Cityguide / Sport & Fitness   .... Audi Zentrum Hamburg   / Cityguide / Clubs & Locations   .... Câ€™est la vie: Das Paris von Daumier und Toulouse Lautrec - 01.07.2014   / Cityguide / Hamburger Kunsthalle   Câ€™est la vie: Das Paris von Daumier und Toulouse Lautrec.... Câ€™est la vie: Das Paris von Daumier und Toulouse Lautrec - 02.07.2014   / Cityguide / Hamburger Kunsthalle   Câ€™est la vie: Das Paris von Daumier und Toulouse Lautrec.... Câ€™est la vie: Das Paris von Daumier und Toulouse Lautrec - 30.06.2014   / Cityguide / Hamburger Kunsthalle   Câ€™est la vie: Das Paris von Daumier und Toulouse Lautrec.... Extratour - Die Elektrobarkasse - 05.07.2014   / Cityguide / Hamburg Landungsbrücken   Die Elektro-Barkassentour beginnt immer um 20:00 Uhr am Hafentor an den St. Pauli Landungsbrücken und endet um 24:00 Uhr. Ihr findet das Hafentor an der Promenade direkt vor der Rickmer Rickmers (Auf dem Festland und nicht auf dem Ponton!). Wir legen die ersten beiden Stunden stündlich an, so dass ein- und ausgestiegen werden kann. Für den Sound.... Ganz Paris träumt von der Liebe er Engelsaal - 06.07.2014   / Cityguide / Hamburger Engelsaal   Paris 1964. Die Stadt der Liebe und der Musik! Bummeln Sie mit der Schauspielerin Gisela MÃ¼ller, einer Ikone der deutschen Waschmittelreklame, Ã¼ber StraÃŸen und PlÃ¤tze der franzÃ¶sischen Metropole und treffen Sie Monsieur Jacques, den StraÃŸenmaler von SacrÃ© Coeur, einen Liebhaber schÃ¶ner KÃ¼nste, guter KÃ¼che und blonder FrÃ¤uleinsâ€¦ Freuen.... Hafenrundfahrt: Abenteuer Hafen Die Stattreisen Barkassenfahrt - 05.07.2014   / Cityguide / Elbphilharmonie Hamburg   Abenteuer Hafen: Die Stattreisen-Barkassenfahrt Vis Ã  vis der Stadt liegt einer der grÃ¶ÃŸten HÃ¤fen der Welt. Wir zeigen Ihnen die Speicherstadt, die kaiserzeitlichen Hafenanlagen, die Werften sowie die ContainerhÃ¤fen, die KÃ¶hlbrandbrÃ¼cke und die Hafencity. Mit neuer Architektur und Ã¶ffentlichen PlÃ¤tzen wÃ¤chst die Stadt auf alten.... Haifischbar er Engelsaal - 03.07.2014   / Cityguide / Hamburger Engelsaal   Leider keine weiteren Veranstaltungsinformationen verfügbar..... Hansejagd \"Schatzsuche nicht nur für Touristen\" s Sehenswürdigkeiten mal anders erleben und entdecken\" - 05.07.2014   / Cityguide / HAMBURG- St. Georg   Hansejagd Hamburg. Eine Schatzsuche nicht nur fÃ¼r Touristen. Lehrreich, sehenswert, lustig, interessant, â€¦ SehenswÃ¼rdigkeiten mal anders erleben und entdecken. Dauer ca 3 Stunden. 19â‚¬/ Person , Familien 49â‚¬. Verschiedene Touren. Zu FuÃŸ, mit dem Rad oder dem PKW. Termine jedes Wochenende. Anmeldung erforderlich. Beginn der Touren 10 Uhr.... Hansejagd \"Schatzsuche nicht nur für Touristen\" s Sehenswürdigkeiten mal anders erleben und entdecken\" - 06.07.2014   / Cityguide / HAMBURG- St. Georg   Hansejagd Hamburg. Eine Schatzsuche nicht nur fÃ¼r Touristen. Lehrreich, sehenswert, lustig, interessant, â€¦ SehenswÃ¼rdigkeiten mal anders erleben und entdecken. Dauer ca 3 Stunden. 19â‚¬/ Person , Familien 49â‚¬. Verschiedene Touren. Zu FuÃŸ, mit dem Rad oder dem PKW. Termine jedes Wochenende. Anmeldung erforderlich. Beginn der Touren 10 Uhr.... Komm ein bisschen mit nach Italien er Engelsaal - 05.07.2014   / Cityguide / Hamburger Engelsaal   Leider keine weiteren Veranstaltungsinformationen verfügbar..... One Night One Secret - 04.07.2014   / Cityguide / Club Hamburg   Leider keine weiteren Veranstaltungsinformationen verfügbar..... Rundgang durch s Altstadt Schönes - 30.06.2014   / Cityguide / Schönes Hamburg   Leider keine weiteren Veranstaltungsinformationen verfügbar..... Rundgang durch s Altstadt - 02.07.2014   / Cityguide / Schönes Hamburg   Leider keine weiteren Veranstaltungsinformationen verfügbar..... Rundgang durch s Altstadt - 04.07.2014   / Cityguide / Schönes Hamburg   Leider keine weiteren Veranstaltungsinformationen verfügbar..... Rundgang zwischen Hafen, Michel und Rathaus Schönes - 03.07.2014   / Cityguide / Schönes Hamburg   Leider keine weiteren Veranstaltungsinformationen verfügbar..... Rundgang zwischen Hafen, Michel und Rathaus Schönes - 05.07.2014   / Cityguide / Schönes Hamburg   Leider keine weiteren Veranstaltungsinformationen verfügbar..... Saturdays Number One - 05.07.2014   / Cityguide / Club Hamburg   Leider keine weiteren Veranstaltungsinformationen verfügbar..... Schanzentour Schönes - 01.07.2014   / Cityguide / Schönes Hamburg   Leider keine weiteren Veranstaltungsinformationen verfügbar..... Sommeroper 2014 Hochschule für Musik und Theater - 04.07.2014   / Cityguide / Forum Hamburg   Leider keine weiteren Veranstaltungsinformationen verfügbar..... Tanzlust - 02.07.2014   / Cityguide / Stage Club   Tanzlust.... Tanzlust - 04.07.2014   / Cityguide / Stage Club   Leider keine weiteren Veranstaltungsinformationen verfügbar..... Unknown Places Programm A - 04.07.2014   / Cityguide / Hamburger Sprechwerk   Leider keine weiteren Veranstaltungsinformationen verfügbar..... Unknown Places Programm A - 05.07.2014   / Cityguide / Hamburger Sprechwerk   Leider keine weiteren Veranstaltungsinformationen verfügbar..... Unknown Places Programm A - 06.07.2014   / Cityguide / Hamburger Sprechwerk   Leider keine weiteren Veranstaltungsinformationen verfügbar..... er Symphoniker - 03.07.2014   / Cityguide / Forum Hamburg   Leider keine weiteren Veranstaltungsinformationen verfügbar..... Mr.Rokks Energy Birthday Bang   / Cityguide / Schallwerk Hamburg   27.02.2010 - Schallwerk Hamburg.... Tanz in den Mai - Kontor goes H1   / Cityguide / H1 Club & Lounge   30.04.2010 - H1 Club & Lounge.... Tanz in den Mai @ Festplatz Nord   / Cityguide / Festplatz Nord   30.04.2010 - Festplatz Nord.... We Love the Dancefloor   / Cityguide /   03.10.2009 - Injection Hamburg.... 100% Black Music Party mit den besten Dj s   / Cityguide /   07.05.2010 - Injection Hamburg.... 100.000 Menschen bei CSD-Parade in Hamburg   / Magazin / Newsticker   Hamburg, 6. August 2011 – 100.000 Menschen haben heute an der Parade zum 31. Christopher Street Day (CSD) in Hamburg teilgenommen. Das bestätigte die Polizei Hamburg am Abend. Neben mindestens 10.000 Teilnehmern begleiteten rund 90.000.... 3. Hamburger Volksbank Cup steigt am kommenden Wochenende   / Magazin / Newsticker   Während sich die Profis der Hamburg Freezers im Sommerurlaub befinden oder für die Nationalmannschaft trainieren, geht der Nachwuchs noch einmal bei einem hochkarätig besetzten Turnier in der Volksbank Arena (Hellgrundweg 50, 22525 Hamburg) aufs.... 32. Christopher Street Day in Hamburg: 300.000 Besucher werden erwartet   / Magazin / Newsticker     Hamburg, 2. August 2012 – Bis zu 300.000 Besucher werden am kommenden Wochenende zum 32. HAMBURG PRIDE (Christopher Street Day) in der Hansestadt erwartet. Höhepunkt ist die Parade durch die Hamburger Innenstadt. Unter dem Motto.... 7 Silvesterparties in Hamburg im Überblick - Jetzt kaufen, mehrere Veranstaltungen ausverkauft!   / Magazin / Newsticker   Zur Online-Version dieser E-Mail - Abmelden / Unsubscribe All inclusive? Jung.... 87. Gesundheitsministerkonferenz tagt im Hamburger Rathaus   / Magazin / Newsticker   Am 26. und 27. Juni 2014 findet in Hamburg die 87. Gesundheitsministerkonferenz (GMK) statt. In der Konferenz beraten die für Gesundheit zuständigen Ministerinnen und Minister, Senatorinnen und Senatoren der Länder unter dem Vorsitz.... AUDIO SEX STYLE   / Cityguide /   28.02.2009 - Injection Hamburg.... After Work   / Cityguide /   22.05.2008 - Love Hamburg.... Akademie der Wissenschaften in Hamburg bekommt Kuratorium   / Magazin / Newsticker   Die 2004 gegründete Akademie der Wissenschaften in Hamburg wird durch ein Kuratorium gestärkt. Wissenschaftssenatorin Dr. Dorothee Stapelfeldt hat dazu im Einvernehmen mit dem Präsidenten der Akademie, Prof. Dr.-Ing. habil. Prof. E.h..... Audio Sex Style   / Cityguide /   14.02.2009 - INJECTION Hamburg.... Audio Sex Style   / Cityguide /   14.03.2009 - Injection Hamburg.... Audio Sex Style   / Cityguide /   21.02.2009 - Injection Hamburg.... Audio Sex Style   / Cityguide /   21.03.2009 - Injection Hamburg.... BLACK INJECTION   / Cityguide /   13.02.2009 - INJECTION Hamburg.... BLACK INJECTION   / Cityguide /   13.03.2009 - Injection Hamburg.... BLACK INJECTION   / Cityguide /   20.02.2009 - Injection Hamburg.... BLACK INJECTION   / Cityguide /   27.02.2009 - Injection Hamburg.... Beiss Mich   / Cityguide / Parlament Hamburg   29.10.2011 - Parlament Hamburg.... Beiss mich!   / Cityguide / Parlament Hamburg   30.10.2010 - Parlament Hamburg.... Black Injection   / Cityguide /   01.05.2009 - Injection Hamburg.... Black Injection   / Cityguide /   06.11.2009 - Injection Hamburg.... Black Injection   / Cityguide /   10.07.2009 - Injection Hamburg.... Black Injection   / Cityguide /   16.10.2009 - Injection Hamburg.... Black Injection   / Cityguide /   21.11.2008 - INJECTION Hamburg.... Black Injection   / Cityguide /   09.10.2009 - Injection Hamburg.... Black Injection   / Cityguide /   23.10.2009 - Injection Hamburg.... Black injection   / Cityguide /   30.10.2009 - Injection Hamburg.... Bundestagung zur EU-Forschungsförderung in Hamburg   / Magazin / Newsticker   Hamburg bei Einwerbungen pro Einwohner aus 7. EU-Forschungsrahmenprogramm im Bundesvergleich auf viertem Platz An der Universität Hamburg findet am 25. und 26. Juni die 26. KoWi-Bundestagung zur EU-Forschungsförderung statt. Die KoWi.... Coke Sound Up feiert mit MANDO DIAO und 7.500 Fans im Hamburger Stadtpark   / Magazin / Newsticker   Am 7.Mai präsentierte Coca-Cola im Hamburger Stadtpark eine mitreißende Coke Sound Up Show mit den schwedischen Superstars MANDO DIAO. Das Quintett um Sänger Gustaf Norén und Gitarrist  Björn Dixgård.... DNL-Topscorer Nico Krämmer wechselt nach Hamburg   / Magazin / Newsticker   Die Hamburg Freezers haben sich die Dienste von Nachwuchsstürmer Nicolas Krämmer sichern können. Der 18-Jährige wechselt von den Landshut Cannibals an die Elbe und unterschrieb einen Vertrag über drei Jahre. In der abgelaufenen Spielzeit stand.... Dänisches Duo für Hamburg: Daniel Nielsen und Jesper Jensen wechseln zu den Freezers   / Magazin / Newsticker   Noch am Dienstagabend standen sie als Gegner in der dänischen Finalserie auf dem Eis, ab der kommenden Saison kämpfen Verteidiger Daniel Nielsen und Stürmer Jesper Jensen gemeinsam um Puck und Tore. Der 30-jährige Nielsen wechselt vom dänischen.... Gewinnspiel TRON-DAY 3x2 Kinokarten Hamburg   / Magazin / Newsticker   Hier klicken und Gewinnen Der 28. Oktober 2010 steht ganz im Zeichen von TRON! In mehr als 40 Ländern weltweit können sich Kinozuschauer kostenlos 23 Minuten aus TRON: LEGACY(Kinostart: 27. Januar 2011) in Disney Digital 3DTM ansehen..... Hamburg Freezers besiegen Düsseldorf mit 6:3   / Magazin / Newsticker   Die Hamburg Freezers haben am Freitagabend ihre Partie des 44. DEL Spieltages gegen die DEG Metro Stars mit 6:3 (3:1, 0:1, 3:1) gewonnen. Vor 6749 Zuschauern in der o2 World Hamburg brachte Kreutzer die Gäste in Führung (9.), die Aleksander Polaczek.... Hamburg Freezers gewinnen erstes Spiel im Jahr 2011 mit 4:2 beim EHC München   / Magazin / Newsticker   Die Hamburg Freezers haben ihre Partie des 38. DEL-Spieltages gewonnen. Im ersten Spiel 2011 siegten die Hamburger beim EHC München mit 4:2 (1:1, 1:0, 2:1). Rainer Köttstorfer brachte die Gäste in der 8. Minute mit seinem 7. Saisontreffer.... Hamburg Freezers trennen sich von Alexander Barta   / Magazin / Newsticker   Die Hamburg Freezers trennen sich von ihrem Kapitän Alexander Barta. Diese Entscheidung wurde dem 28-jährigen Stürmer am Dienstagvormittag von Sportdirektor Stéphane Richer mitgeteilt. Der DEL-Club machte dabei von einer Klausel im bis 2013.... Hamburg Freezers verlieren in Köln mit 2:6   / Magazin / Newsticker   Die Hamburg Freezers haben ihre Partie des 45. Spieltages bei den Kölner Haien mit 2:6 (1:1, 1:3, 0:2) verloren. Vor 8890 Zuschauern in der Lanxess Arena gingen die Gastgeber in der 8. Minute durch Jaspers in Führung (PP1), die Jason King für die.... Hamburg Freezers zu Gast beim Stadtwerke Lübeck Eiszauber - Autogrammstunde im AEZ   / Magazin / Newsticker   Jerome Flaake, Brett Engelhardt und Daniel Taylor sind am Sonntag, 20. Februar zu Gast auf dem \"Stadtwerke Lübeck Eiszauber\". Von 14 bis 15 Uhr veranstalten die drei Freezers-Profis eine Autogrammstunde, um im Anschluss ihr Können bei einem.... Hamburg bei Organspendern weiterhin bundesweit an der Spitze   / Magazin / Newsticker   Im Vergleich der Bundesländer ist Hamburg nach wie vor das Land mit den meisten Organspendern in Bezug auf die Einwohnerzahl: 2013 haben in Hamburg 39 Menschen ihre Organe gespendet, das entspricht einer Quote von 22,2 pro einer Million.... Hamburg erfolgreich bei der Verbraucherschutzministerkonferenz   / Magazin / Newsticker   Bei der 10. Verbraucherschutzministerkonferenz am 15. und 16. Mai in Rostock-Warnemünde hat sich Hamburg mit dem Antrag durchgesetzt, dass bei dem von der Bundesregierung angekündigten Gesetzespaket zur Stärkung der.... Hamburg – der Standort für Maritime Medizin   / Magazin / Newsticker   Maritime Medizin hat in Hamburg eine lange Tradition. Das Hamburger Zentralinstitut für Arbeitsmedizin und Maritime Medizin (ZfAM), eine gemeinsame Einrichtung der Behörde für Gesundheit und Verbraucherschutz und des.... Hamburg übernimmt den Vorsitz der Europaministerkonferenz   / Magazin / Newsticker   Die Freie und Hansestadt Hamburg übernimmt am 1. Juli 2014 den Vorsitz der Europaministerkonferenz (EMK). Neben Tagungen in Brüssel und Berlin wird es ein Treffen der Europaministerinnen und -minister der deutschen Länder im Juni 2015.... Hamburger Know-how für hohe Trinkwasserhygienestandards auf Kreuzfahrtschiffen   / Magazin / Newsticker   Vom 18. bis 20. Juni findet in Athen im Rahmen des EU-Projektes SHIPSAN ACT zum ersten Mal ein speziell auf den Bedarf von Kreuzfahrtschiffen zugeschnittenes Trainingsprogramm zur Trinkwasserhygiene statt. Das Zentralinstitut für Arbeitsmedizin.... Hamburgs klinisches Krebsregister startklar   / Magazin / Newsticker   Die Hamburgische Bürgerschaft entscheidet heute über das novellierte Krebsregistergesetz. Das bestehende bevölkerungsbezogene Hamburgische Krebsregister soll durch die Verabschiedung weiterentwickelt werden: Künftig wird es.... Last-Minute-Sieg für Hamburg: Freezers besiegen Krefeld mit 2:1   / Magazin / Newsticker   Die Hamburg Freezers haben ihre Partie des 57. Spieltages mit 2:1 (1:1, 0:0, 1:0) gegen die Krefeld Pinguine gewonnen. Das entscheidende Tor erzielte Garrett Festerling (60.) zwölf Sekunden vor Ablauf der regulären Spielzeit. Zudem bestätigte.... Leidenschaft für die Musikstadt Hamburg“   / Magazin / Newsticker   HANS wird 2012 zum vierten Mal verliehen Hamburg, 27.09.2012. Kaum sind die letzten Töne des Reeperbahnfestivals verklungen, kann sich die Hansestadt Hamburg auf die nächste musikalische Ehrung freuen: Am Montag, 26. November, wird der.... NHL-Flair in Hamburg: Freezers testen die L.A. Kings am 4. Oktober   / Magazin / Newsticker   Auf die Hamburg Freezers und ihre Fans wartet am Dienstag, 4. Oktober 2011 ein einmaliges Highlight: In der o2 World Hamburg empfängt der DEL-Club die Los Angeles Kings aus der National Hockey League (NHL) zu einem Freundschaftsspiel (Einlass 17:30.... Neue „Spielplatz-Karte“ führt zu Hamburgs „Spiel-Träumen“   / Magazin / Newsticker   Saniertes Planschbecken im Stadtpark, Sommer, bald Ferienbeginn: Faltblatt „Hamburgs Grün für Kinder und Familien“ präsentiert über 80 Spielplätze. Neue „Spielplatz-Karte“ führt zu Hamburgs.... Hamburg-Altstadt   / Dresden / Veranstaltungen Dresden   Wie der Name es schon vermuten lässt, handelt es sich bei dem Stadtteil Hamburg-Altstadt, um den historischen Stadtkern der Freien- und Hansestadt Hamburg. Mit einer Fläche von nur 2,4 km² lässt dieser Stadtteil seine historischen Grenzen.... 7 Silvesterparties in Hamburg im Überblick - Jetzt kaufen, mehrere Veranstaltungen ausverkauft!   / Magazin / Lifestyle   Zur Online-Version dieser E-Mail - Abmelden / Unsubscribe All inclusive? Jung.... BECK'S präsentiert am Samstag die HAMBURGER PARTY NACHT im Hühnerposten   / Magazin / Lifestyle     BECK'S präsentiert die... HAMBURGER PARTY NACHT mit 6DJs auf 3 Floors - Eine Stadt feiert eine Party- Erlebt am Samstag 20. August eine unvergessliche Nacht in der Eventlocation Hühnerposten (400m vom Hbf / HH).... Bungee, Paintball, Sushi-Kurs: Verrückte Erlebnisse in Hamburg schenken   / Magazin / Lifestyle   Schenken ist einfach großartig, und beschenkt werden ist sowieso toll. Jemandem einen Traum oder einen Herzenswunsch erfüllen macht auch den Schenkenden glücklich. Mancher Freund und manche Liebste fühlen sich dabei vielleicht.... CLASS OF 2012 – Hamburgs exklusivste Silvesterparty mit DJ Iron, T and Smokie!   / Magazin / Lifestyle   “CLASS OF 2012” ist Hamburgs exklusivste RnB Silvesterparty mit DJ IRON, T & Smokie! Dieses Line-Up der Extraklasse verspricht natürlich und OldSchool/New Jack Swing. Die komplett vom Dragonfly-Team bespielte Location.... Die 5 besten Cocktailbars in Hamburg   / Magazin / Lifestyle   Hamburgs Nachtleben ist vielfältig und bunt. In zahlreichen Kneipen und Bars lässt es sich wunderbar Feiern und Trinken. Völlig klar, dass es in der weitläufigende Gastronomielandschaft der Hansestadt auch viele gute Cocktailbars.... Die besten Clubs in Hamburg   / Magazin / Lifestyle   Hamburg ist eine der beliebtesten Städte für Studenten – immerhin ist sie jung, dynamisch und vielseitig. Wer zum Studieren in die Hansestadt kommt, muss sich aber erst mal zurechtfinden. Alle Feierwütigen finden hier eine Liste.... Die besten Konzerte in Hamburg 2013   / Magazin / Lifestyle   Das Jahr 2013 hat für Hamburg viele kulturelle Höhepunkte auf den Plan gebracht. Die Auswahl war und ist riesig – und es ist für jeden Geschmack etwas dabei. Wenn man also mit Freunden einen lauschigen oder lauten Musikabend.... Es ist soweit! HAMBURGER PARTY NACHT MEETS OKTOBERFEST   / Magazin / Lifestyle     HAMBURGS GRÖßTE OKOBERFESTPARTY Ein Abend / Zwei Parties Infos, VIP Tickets & Tischreservierungen auch auf www.oktoberfest-hh.de   Zum VIP Tickets Gewinnspiel hier klicken Vorfreude ist bekanntlich die beste.... FREITAG - 25.01.2013 - RADIO HAMBURG FAMOUS FRIDAY's   / Magazin / Lifestyle   Mehr Vielfalt mit den Mega-Hits der 90er, 2000er und dem Besten von heute. DJ LINCOLN XL Ladies SPECIAL ------------------ Gratis-Verköstigung PROSECCO \"SCAVI & RAY\" für ALLE Ladies an ALLEN Bars des Privileg bis 1.... Fashion Trends im Hamburger Nachtleben   / Magazin / Lifestyle   Nightlife, Rotlicht, Reeperbahn – auf St. Pauli ist die ganze Woche etwas los. Hochbetrieb herrscht auf dem Hamburger Kiez aber vor allem am Wochenende, wenn die Partymeile von einer gut gelaunten Menschenmasse bevölkert wird. Dann bekommt.... Gastronomie in Hamburgs Szenevierteln   / Magazin / Lifestyle   Jedes Wochenende oder auch in der Woche strömen viele Touristen nach Hamburg, um sich so richtig ins Partygeschehen zu stürzen. Hamburg gilt nach Berlin als eine wahre Party-Hochburg. Vor allem in der Gegend um den Hafen oder in den.... Hamburger holt die Trachten raus – Lübckes Bayernzelt ist wieder da   / Magazin / Lifestyle   Hamburger holt die Trachten raus – Lübckes Bayernzelt ist wieder da Eines der größten Ereignisse in Hamburg, das schon seit Jahrzehnten immer einen Monat lang von Juli bis August stattfindet ist der Sommerdom. Und was wäre.... Hamburgs geilste Karneval Sause - Diesen Samstag auf 4 Areas   / Magazin / Lifestyle   .... Hamburgs größte Apres Ski Sause mit über 100 Kilo Konfetti - Sa. 03.12.11   / Magazin / Lifestyle   Zur Online-Version dieser E-Mail -.... Hamburgs größte Mallorca Sause auf 4 Dancefloors | Boxkampf live   / Magazin / Lifestyle   Zur Online-Version dieser E-Mail - Abmelden / Unsubscribe.... Hamburg’s schönster Tanz in den Mai im Hotel Atlantic!   / Magazin / Lifestyle     Samstag, 30. April 2011, ab 19 Uhr Tanz.... Hier tanzt Hamburg in den Mai - 2 Partys auf einen Blick   / Magazin / Lifestyle   .... Hier tanzt Hamburg in den Mai - Etliche Freikarten zu gewinnen!   / Magazin / Lifestyle   Zur Online-Version dieser E-Mail - Abmelden / Unsubscribe.... Kochkurse in Hamburg: Vom Anfänger zum Gourmet   / Magazin / Lifestyle   Professionell angerichtete Speisen und mehrgängige Menüs sind mit etwas Hilfe oft leichter zuzubereiten, als sie aussehen. Auch in Hamburg können Hobby-Köche ihr Wissen mit verschiedensten Kochkursen in geselliger Runde.... Kulturstadt Hamburg – Singles müssen nicht allein genießen   / Magazin / Lifestyle   Der Stadtstaat Hamburg ist nicht nur bekannt für seinen Fischmarkt, den Fußball und die Reeperbahn, sondern genießt dank seiner vielen Sehenswürdigkeiten bei Touristen und Bewohnern gleichermaßen einen guten Ruf als.... Kurztrip mit Musicalbesuch - Hamburg als kulturelle Städtereise   / Magazin / Lifestyle   Städtereisen innerhalb Deutschlands sind äußerst beliebt. Eines der favorisierten Ziele der Deutschen ist dabei Hamburg und das nicht nur wegen des schönen Hafens, dem aufregenden St. Pauli oder der Außenalster, sondern.... MODELs, GLAMOUR, CHAMPAGNE and VIP NIGHTs im PRIVILEG HAMBURG!   / Magazin / Lifestyle   .... MOS DEF Live am 02.03 in Köln und DMX Live am 03.04 in Hamburg   / Magazin / Lifestyle    .... Mickie Krause live in Hamburg - Schatzi, schenk mir ein Foto - Sa. 03.11.   / Magazin / Lifestyle   Zur Online-Version dieser E-Mail.... Miss Hamburg 2014 After Show feat. Ricardo Silva und Support   / Magazin / Lifestyle   01ST FLOOR Miss Hamburg 2014 After Show feat. Ricardo Silva und Support Am 11. Januar ist es soweit. Im Ballsaal im 1. Obergeschoss des Radisson BLU Hotels findet die Wahl zu \"Miss und Mister Hamburg 2014\" statt.  Aus.... Bramfeld   / Dresden / Veranstaltungen Dresden   Der Stadtteil Bramfeld gehört zu den am dichtesten besiedelten Gebieten Hamburgs im Nordosten der Stadt. Ursprünglich gehörte dieser Stadtteil zu Holstein und bildete durch die viel benutzte Handelsroute zwischen Hamburg und Lübeck einen wichtigen.... Duvenstedt   / Dresden / Veranstaltungen Dresden   Im äußersten Norden von Hamburg bildet der Stadtteil Duvenstedt die Stadtgrenze nach Schleswig-Holstein. Im Zuge des Groß-Hamburg-Gesetzes wurde Duvenstedt im Jahre 1938 Hamburg eingemeindet und zählt zu den Walddörfern. Ursprünglich.... Eilbek   / Dresden / Veranstaltungen Dresden   Hamburg-Eilbek ist ein vergleichsweise kleiner Stadtteil im Nordosten Hamburgs mit einer relativ hohen Bevölkerungsdichte. Der Stadtteil ist geprägt durch die enge Bauweise der Nachkriegszeit, da Eilbek gegen Ende des 2.Weltkrieges fast völlig.... Eppendorf   / Dresden / Veranstaltungen Dresden   Hamburg-Eppendorf ist der älteste Stadtteil Hamburgs, sein ältestes Dorf, das in historischen Unterlagen bereits im Jahre 1140 erwähnt wird. Im Nordwesten der Hansestadt gelegen, grenzt der dicht besiedelte Stadtteil direkt an die Hamburger City und die.... Francop   / Dresden / Veranstaltungen Dresden   Ebenfalls zum „Alten Land“ gehört, der zum Bezirk Harburg zählende Stadtteil Francop. Der Stadtteil liegt quasi an einer langen Straße, die in verschiedenen Abschnitten immer mal wieder den Namen wechselt. Die Menschen in Francop leben.... Gut Moor   / Dresden / Veranstaltungen Dresden   Der Stadtteil Gut Moor sieht gar nicht so aus, als könnte er ein Teil einer Millionenmetropole sein. Mit einer Fläche von nur 1,97 km² und seiner Einwohnerzahl von circa 150 Einwohnern, lässt er an ein Dorf denken. Tatsächlich ist das.... Hamm-Mitte   / Dresden / Veranstaltungen Dresden   Bei dem Stadtteil Hamm-Mitte handelt es sich um einen Stadtteil, der im Elbmarsch liegt und zum Bezirk Hamburg Mitte zählt. Ebenfalls im Elbmarsch liegt der Nachbarstadtteil Hamm-Süd, die beide zu „unten Hamm“ zählen. Für den.... Hamm-Süd   / Dresden / Veranstaltungen Dresden   Der Stadtteil Hamm-Süd zählt zum Bezirk Hamburg Mitte. Einst war dieser Stadtteil einer der größten Wohngebiete nahe der Innenstadt. Heute leben hier noch circa 4.000 Einwohner. Auch Hamm-Süd ist durch die Luftangriffe im Jahre 1943 nahezu.... Horn   / Dresden / Veranstaltungen Dresden   Im Bezirk Hamburg Mitte, also direkt im Zentrum, liegt der Stadtteil Horn. Geografisch liegt der Stadtteil Horn im sogenannten Urstromtal der Elbe. Die benachbarten Stadtteile, die an Horn grenzen, sind, Wandsbek, Marienthal, Billstedt, Billbrook sowie die drei.... ANZEIGE VIDEOS SA 05.07.2014 Season Closing powered by Mo... Privileg INFO LETZTE SUCHBEGRIFFE 136 - murphy\\\\\\\\\\\\\\\\\\\\\\\\\\\\\\\\\\\\\\\\\\\\\\\\\\\\\\\\ - partyfotos parkhaus l ¸beck 02.05.09 - Die Wielden H Ë‡ - h ¡ ¸hnerposten 18.12 - 04.05.2011 h1 - singleparty l ¨ 1beck 2009 - parkhaus l - hamburg jï¿½ï¿½ï¿½ï¿½ï¿½ï¿½ï¿½ï¿½ï¿½ï¿½ï¿½ - Buddy ´s - fr ¸hclub location one fotos - karstadt groï¬‚e bergstr hamburg - Germany snexttopmodel - 136 - Germany - loveboat 2009 20 05 - doree..; - Kathylg@hotmail.de heiss @yahoo.de OR @hotmail.de OR @gmx.de Warburg @yahoo.de,@gmx.de Warburg @yahoo.de,@gmx.de - registrrierungscode - kathylg@hotmail.de heiss @yahoo.de or @hotmail.de or @gmx.de kobs @yahoo.de.@hotmail.de leue @yahoo.de.@hotmail.de udo @yahoo.de.@hotmail.de muhle @yahoo.de.@hotmail. muhle @yahoo.de.@gmx.at \\\\\\\\\\\\\\\\\\\\\\\\\\\\\\\\\\\\\\\\\\\\\\\\\\\\\\\\\\\\\\\\\\\\\\\\\\\\\\\\\\\\\\\\\\\\\\\\\\\\\\\\\\\\\\\\\\\\\\ - 136 - travem ¨ ¹nder woche - radio hamburg ¸30 27.06.2009 - Malle f ¡ ür Alle 2008 - cest la vie barsbï¿½ttel - Sporthalle an der Gesamtschule S derelbe - Germany - elvis n ¡ - alle ansehen © 2014 Hamburgparty.de | tanz in den mai river kasematten hamburg Impressum Jobs Kontakt Mediadaten Veranstalter Zugang AGB Mein Hamburg Silvester Hamburg Information Aktivierungsmail neusenden   DRESDEN | LEIPZIG | BERLIN | MÜNCHEN | FRANKFURT | KÖLN | NRW | STUTTGART | Veranstaltung eintragen HOME | BILDER Partybilder | KALENDER Kalender Party Konzerte Freizeit Kultur Sport Tickets Freikarten Silvester | MAGAZIN Newsticker Lifestyle Gewinnspiele Kinoprogramm | CITYGUIDE Clubs/Locations Bars/Restaurants Sport Kunst & Kultur Login Registrieren Passwort vergessen? JUNI MO DI MI DO FR SA SO MO DI MI DO FR SA SO MO DI MI DO FR SA SO MO DI MI DO FR SA SO MO 01 02 03 04 05 06 07 08 09 10 11 12 13 14 15 16 17 18 19 20 21 22 23 24 25 26 27 28 29 30 Anzeige ","title":"tanz in den mai river kasematten hamburg ","desc":"tanz in den mai river kasematten hamburg - Die Suche, mit der Du genau das findest, was Du suchst. Finde  Bilder - Interviews - Portraits - Lifestyle - Partys - Konzerte von Hamburg Party","details":{"length":27909,"language":"de","date":"2014/10/31 16:18:35","type":"text/html","country":""},"crawling":{"duration":"1","date":"2014/10/31 16:18:35"},"metas":[{"name":"keywords","value":"tanz in den mai river kasematten hamburg "},{"name":"author","value":"dd-inside.de"},{"name":"description","value":"tanz in den mai river kasematten hamburg - Die Suche, mit der Du genau das findest, was Du suchst. Finde  Bilder - Interviews - Portraits - Lifestyle - Partys - Konzerte von Hamburg Party"},{"name":"fb:admins","value":"100000772382819"},{"name":"fb:app_id","value":"249626188528529"},{"name":"verify-v1","value":"v+c5Vgn3ecwkNmoV7RQ78U053nQd9M1B8bRn5nWRSJE="},{"name":"robots","value":"index,follow"},{"name":"revisit-after","value":"1 days"}],"uri":{"protocol":"http","domain":"de.hamburgparty.","url":"http://hamburgparty.de/suchen/tanz+in+den+mai+river+kasematten+hamburg"}}},{"_index":"de_content_201410","_type":"resourceQ","_id":"http://autolack-versandhandel.de/index.php?c_subject=anfrage:+57620+-+rep.satz+sata+jet+2000+hvlp&cl=contact&sid=044d02f023ae8b3d30107a53505af7ea","_score":1.0, "_source" : {"body":" Fahrzeuglackiererforum.de Kontakt AGB Merkzettel Hilfe Links Impressum Home Newsletter Mein Konto Warenkorb Artikelsuche - alle Kategorien - Sonderangebote (6) Autolacke (3) - Komplett-Kit's (190) - Grundierungen & Primer (22) - Spachtel (16) - Füller (12) - Basislack Metallic/Effekt (149) - Decklack (136) - Mattlack (13) - Klarlack (16) - Härter -- Füllerhärter (11) -- Härter für Decklacke (17) -- Säurehärter für Primer (2) -- Streich- und Rollhärter (2) -- Strukturhärter (1) -- Härter für Nanolacke - Verdünnung (24) - Zusatzmittel (8) - Reiniger (8) Schiffslacke / Marine Militärlacke (1) Kunststofflackierung (6) - Vorbehandlung (1) - Primer und Grundierung (5) - Spachtel (2) - Kunststofflacke (6) Lackierzubehör (4) - Einwegbecher-Systeme (11) - Filtertechnik (7) - Reinigung (8) - Klebebänder (14) - Farbsiebe (2) - Spachteln und Cutter (2) - Mischbecher und Rührstäbe (14) - PPS / RPS Becher und Adapter (27) - Pinselflaschen und Spritzmusterkarten (6) - Abdeckfolien (5) Kleben & Dichten (13) Hohlraumkonservierung (7) Unterbodenschutz (7) Schleifmittel & Zubehör (2) - Exenterpapier (12) - Bögen Streifen Blüten (11) - Schleifvlies (4) - Schleifklötze und Zubehör (12) Poliermittel und Zubehör (19) Effektlacke (19) - Chromeffekt Spot Repair - Füller & Grundierung (12) - Spachtel (3) - Klarlack (3) - Mini-Mischsystem (1) Industriebeschichtungen (649) Wand-und Bautenfarben (1) Sanitärfarben (1) Holzlacke und Lasuren (14) Spraydosen (4) - Rostschutz & Grundierung (8) - Farbspray nach Lacknummer (5) - Klarlackspray (3) - Effektlackspray - 2K-Spraydosen 400 ml (3) - Löser und Reiniger (1) - Hitzefeste Spraylacke (2) Werkzeuge und Maschinen (2) - elektrische Maschinen (2) - pneumatische Maschinen (1) - IR-Strahler und Ablüfter (1) Druckluftzubehör (14) Lackierpistolen (6) - SAGOLA (2) - Iwata (20) - Sata (22) - Walther Pilot (4) Ersatzteile für Lackierpistolen (8) - SATAjet 3000 B RP (26) - SATAjet 3000 B HVLP (19) - SATAjet 1000 B RP (15) - SATAjet 1000 B HVLP (15) - SATAminijet 3000 B HVLP (27) - Sata LM2000 (8) - SataJet B (1) Arbeitsschutz (6) - Atemschutz (6) - Bekleidung (7) AT (8) - alle Lieferanten - 3M Deutschland GmbH (45) Colad (16) De Beer Lakfabrieken B.V. (30) DeVilbiss Automotive Refinishing (14) DINOL (2) EMM Deutschland GmbH (9) Farecla Products Limeted (2) Hamach (5) Indasa GmbH (18) Mipa AG Essenbach (1192) Polysil GmbH Sonderangebote (6) Autolacke (3) Komplett-Kit's (190) Grundierungen & Primer (22) Spachtel (16) Füller (12) Basislack Metallic/Effekt (149) Decklack (136) Mattlack (13) Klarlack (16) Härter Verdünnung (24) Zusatzmittel (8) Reiniger (8) Schiffslacke / Marine Militärlacke (1) Kunststofflackierung (6) Lackierzubehör (4) Kleben & Dichten (13) Hohlraumkonservierung (7) Unterbodenschutz (7) Schleifmittel & Zubehör (2) Poliermittel und Zubehör (19) Effektlacke (19) Spot Repair Industriebeschichtungen (649) Wand-und Bautenfarben (1) Sanitärfarben (1) Holzlacke und Lasuren (14) Spraydosen (4) Werkzeuge und Maschinen (2) Druckluftzubehör (14) Lackierpistolen (6) Ersatzteile für Lackierpistolen (8) Arbeitsschutz (6) AT (8) Nach Lieferant Informationen Sicherheitsinformationen Versand Widerrufsrecht Wie bestellen? Newsletter Sie sind hier: / Kontakt Mein Konto E-Mail: Passwort: Eingeloggt bleiben Konto eröffnen Passwort vergessen Newsletter E-Mail: Lack- & Farbzentrum Liebsch GmbH 02625 Bautzen Baschützer Straße 19 Deutschland Telefon: 03591 67907220 Telefax: 03591 67907240 E-Mail: Kontakt Anrede   Herr Frau Vorname:     * Nachname:     * E-Mail:     * Betreff:     * Nachricht:   Prüfcode:     * Felder mit einem * müssen ausgefüllt werden * Alle Preise inkl. MwSt., zzgl. Versandkosten. © Shop Software von OXID eSales Home | Kontakt | Hilfe | Gästebuch | Links | Impressum | AGB | Warenkorb | Mein Konto | Mein Merkzettel | Mein Wunschzettel | Öffentliche Wunschzettel   ","title":"Autolack Flip-Flop - Candy | Lack - Härter - Klarlack - Lackierpistole - Spritzpistole | Kontakt | Online kaufen","desc":null,"details":{"length":3852,"language":"de","date":"2014/10/31 16:18:35","type":"text/html","country":""},"crawling":{"duration":"1","date":"2014/10/31 16:18:35"},"metas":[{"name":"ROBOTS","value":"NOINDEX, FOLLOW"}],"uri":{"protocol":"http","domain":"de.autolack-versandhandel.","url":"http://autolack-versandhandel.de/index.php?c_subject=anfrage:+57620+-+rep.satz+sata+jet+2000+hvlp&cl=contact&sid=044d02f023ae8b3d30107a53505af7ea"}}},{"_index":"de_content_201410","_type":"resourceQ","_id":"http://nano-schutz.de/a/1/erdschlittschuheversiegler/index.html","_score":1.0, "_source" : {"body":" Erdschlittschuheversiegler Für Frauke ist es möglich. Es ist irre für Annabella. Erdschlittschuheversiegler Für Frank ist es fruchtbar. Es sei spitze für Volkmar aus Dietikon. Sie wartet auf Ihr Echo. Für Harald ist es hervorragend. Die positive die Page für zu diesem Gusto. Gibt es Rückfragen oder Beispiele. Erdschlittschuheversiegler Du bist neugierig auf Ihre Gegenbemerkung. Für Monika ist es vortrefflich. Erdschlittschuheversiegler Im Vergleich für Angebote. Haben Sie das schon günstiger gesehen? Die Note: 1,1 - sehr gut. Die Web-Seite für Produkte im Sortiment. Hier merken Sie alles. Er wartet auf Ihre Antwort. Erdschlittschuheversiegler Bei uns findest Du bedeutende Unterlagen. Relevante Nachrichten permanent aktuell auf dieser Seite. Erdschlittschuheversiegler Dana aus Dürnstein 52 sagt es sei gut. Im Vergleich für Kunden. Spezialisiert auf kleine Preise. Note Note 2,0 - gut. Lackpolitur Test Erdschlittschuheversiegler Für Samantha ist es schön. Hier gibts wesentliche Infos. Lackpolitur Test In dieser Sparte für alles. Bei uns stimmen Qualität und Preis. Im Test: Note 2,2. Extra für Sie billige Sonderangebote Produkt jetzt hier anschauen. Lackpolitur Test Es sei günstig für André aus Ingolstadt. Gibt es Fragestellungen oder Ermunterungen. Erdschlittschuheversiegler Er ist neugierig auf Ihre Aufklärung. Für Olga ist es witzig. Lackpolitur Test Du wartest auf Ihre Rückäußerung. Ihre Netpräsenz für Sie zu der Sache. Lackpolitur Test Wichtige Ankündigung aus Dürnstein. Das ist hinreißend für Ingmar aus Spittal. Lackpolitur Test Riesen Angebot hervorragende Übersichtlichkeit. Wie Du es möchtest. Im aktuellen Vergleichstest für Produkte. Vereint auf unserer Homepage die attraktivsten Angebote für Sie. Testurteil Note 1,5 - sehr gut. Lackpolitur Test Scharfe Artikel Angebot hier heransehen. Im aktuellen Sortiment für Sortimente. Klar und verständlich augebaut. Testurteil: 1,8. Erdschlittschuheversiegler Erdschlittschuheversiegler Ihre Web Seite in diesem Fall für Sie zur Rubrik. Für Henrike ist es sehr wichtig. Lackpolitur Test Das sei arglos für Theresa. Aussagekräftige Aussage aus Zwickau. Erdschlittschuheversiegler Es sei tauglich für Norman aus Deutschlandsberg. Du bist gespannt auf eine Information. Erdschlittschuheversiegler Du wartest auf Ihre Entgegnung. Das ist entgegenkommend für Katja. Wesentliche Fakten aus Koblenz. Du bist gespannt auf eine Information. Die super Netpräsenz zu dem Thema. Ihre Netpräsenz für Sie zu diesem Gusto. Lackpolitur Test Er ist gespannt auf Ihre Aufklärung. Bedeutende Informationen rund um die Uhr aktuell auf dieser Webpage. Erdschlittschuheversiegler Es ist sehr hilfreich für Cordula. Ihre Hompage für Sie zur Rubrik. Erdschlittschuheversiegler Einweihungsstättenversiegler Einspritzausrüstungversiegler Flächenabdeckungversiegler Fotoblitzversiegler Fahrzeugheizungversiegler Falltürenversiegler Entstehungsbereichversiegler Fahrzeuggeräteversiegler Gokartversiegler Glanzseideversiegler Funktionsbarackeversiegler Gebetshäuserversiegler Glaswareversiegler Faltverdeckversiegler Feuerfestmaterialienversiegler Glockenkammernversiegler Gepäckausgabehallenversiegler Fischlaborversiegler Einzelradbremsenversiegler Flachbootversiegler ","title":"  Erdschlittschuheversiegler | nanoprofi® ","desc":"es Lackpolitur Test aus Inspirationen. rund Übersichtliches Sie merken aus Lackpolitur Test","details":{"length":3220,"language":"de","date":"2014/10/31 16:18:35","type":"text/html","country":""},"crawling":{"duration":"1","date":"2014/10/31 16:18:35"},"metas":[{"name":"description","value":"es Lackpolitur Test aus Inspirationen. rund Übersichtliches Sie merken aus Lackpolitur Test "},{"name":"keywords","value":"Erdschlittschuheversiegler, Lackpolitur Test  "},{"name":"author","value":"preimess"},{"name":"robots","value":"index, all"},{"name":"language","value":"at,de,ch"},{"name":"revisit-after","value":"after 3 days"}],"uri":{"protocol":"http","domain":"de.nano-schutz.","url":"http://nano-schutz.de/a/1/erdschlittschuheversiegler/index.html"}}},{"_index":"de_content_201410","_type":"resourceQ","_id":"http://rsvmuelheim-damen.de/node/338/visitors?order=datum&page=209&sort=desc","_score":1.0, "_source" : {"body":" RSV Mülheim Willkommen im Klub Startseite Kontakt Partner Startseite | Downloads Infos Anwurfzeiten Anfahrt Ergebnisse & Tabelle Downloads Vorstand Mannschaften 1. Damen 2. Damen 3. Damen Jugend-Mannschaften Handballkindergarten Weibliche A-Jugend Weibliche B-Jugend Unsere Partner Sparda-Bank Benutzeranmeldung Benutzername: * Passwort: * Neues Passwort anfordern Suchen Diese Website durchsuchen: Wer ist online Zur Zeit sind 0 Benutzer und 93 Gäste online. Anzeigen Visitors Date filter Choose date range Von: 1 2 3 4 5 6 7 8 9 10 11 12 13 14 15 16 17 18 19 20 21 22 23 24 25 26 27 28 29 30 31 Jan Feb Mär Apr Mai Jun Jul Aug Sep Okt Nov Dez 2012 2013 2014 An: 1 2 3 4 5 6 7 8 9 10 11 12 13 14 15 16 17 18 19 20 21 22 23 24 25 26 27 28 29 30 31 Jan Feb Mär Apr Mai Jun Jul Aug Sep Okt Nov Dez 2012 2013 2014 # ID Datum Referer Benutzer Operationen 2091 6928892 2014-06-26 17:28:32 Gast Details 2092 6928848 2014-06-26 17:25:23 Gast Details 2093 6928841 2014-06-26 17:24:38 Gast Details 2094 6928828 2014-06-26 17:21:27 Gast Details 2095 6928818 2014-06-26 17:20:10 Gast Details 2096 6928791 2014-06-26 17:16:06 Gast Details 2097 6928782 2014-06-26 17:14:35 Gast Details 2098 6928765 2014-06-26 17:12:14 Gast Details 2099 6928758 2014-06-26 17:11:37 Gast Details 2100 6928754 2014-06-26 17:10:12 http://www.rsv-damen.de/node/338/visitors Gast Details « erste Seite ‹ vorherige Seite … 206 207 208 209 210 211 212 213 214 … nächste Seite › letzte Seite » Besucher: 6957006 Eindeutige Besucher: 26868 Published Nodes: 290 Kontakt |  Impressum Copyright © 2010 RSV Mülheim. All Rights Reserved. ","title":"Downloads | RSV Mülheim","desc":null,"details":{"length":1595,"language":"de","date":"2014/10/31 16:18:36","type":"application/xhtml+xml","country":""},"crawling":{"duration":"1","date":"2014/10/31 16:18:36"},"metas":[],"uri":{"protocol":"http","domain":"de.rsvmuelheim-damen.","url":"http://rsvmuelheim-damen.de/node/338/visitors?order=datum&page=209&sort=desc"}}},{"_index":"de_content_201410","_type":"resourceQ","_id":"http://animalhelpeurope.de/vbforum/showthread.php?11017-devorgilla&p=163435&s=90a1109ea7fe1ca3f90d95eaa156068a&viewfull=1","_score":1.0, "_source" : {"body":" Registrieren Hilfe Angemeldet bleiben? Hallo Gast, wenn du dies liest bedeutet es, dass du dich noch nicht registriert hast. Nimm dir doch die Zeit und Klick hier um dich zu registrieren. In ein paar einfachen Schritten hast du dich angemeldet. Nun musst du uns nur noch eine Vorstellung von dir zu senden und schon bald wirst du für unser Forum frei geschaltet. A H E e.V. Kleinanzeigen 4-Beiner Shop 2-Beiner Shop Heaven Tiere AHE e.V. HP Spenden Eingänge Startseite Forum Hilfe Kalender Aktionen Alle Foren als gelesen markieren Nützliche Links Forum-Mitarbeiter anzeigen Danke / Gefällt mir Statistiken Beliebteste Themen / Beiträge Blogs Spielhalle ChatBox PayPal Spenden Mitgliederkarte Erweiterte Suche Forum Animal Help Europe e.V. Katzenvermittlungen Erfolgsgeschichten Devorgilla Ergebnis 1 bis 7 von 7 Thema: Devorgilla Themen-Optionen Druckbare Version zeigen Thema abonnieren… 04.09.2012,  05:55 #1 Maggie Profil Beiträge anzeigen Blog anzeigen Artikel anzeigen Kleinanzeigen anzeigen Miss Pinky & AHE e.V. Mitglied Registriert seit 30.07.2006 Ort Herzogenrath Alter 33 Beiträge 2,077 Danke (Gegeben) 25 Danke (Empfangen) 63 Gefällt mir (Gegeben) 17 Gefällt mir (Empfangen) 67 ----   ----   Bitte wähle eine Kategorie aus dieser Auswahl: - Abbrechen Blue Devorgilla Devorgillas Vermittlungsanzeige hatte ich unbewusst schon eine ganze Zeit im Auge gehabt und wünschte der kleinen Maus vom ganzen Herzen ein tolles Zuhause. Ich fand es sehr schade, dass ich niemanden kannte, der sie hätte aufnehmen können. Im März musste ich Cajun erlösen lassen. Eigentlich spielte ich mit dem Gedanken, seinen Platz nicht zu besetzen... Aber Gracia litt sehr und wurde sehr unzufrieden. Als sich das nicht legte, sondern im Gegenteil immer schlimmer wurde, beschloss ich doch, einen passenden Neuzugang zu suchen. Ich kontaktierte Judith wegen Devorgilla und bekam die Kontaktdaten ihres damaligen Zuhauses. Ein sehr nettes Telefonat ergab, dass es theoretisch passen könnte. Also vereinbarten wir einen Besuchstermin. Und spätestens da schlich sich die kleine Maus vollends in mein Herz . Meine Freude war unbeschreiblich, als fest stand, dass sie einziehen darf. Ostern wurde sie gebracht. Sie fühlte sich im Wohnzimmer relativ schnell wohl und suchte sich erst mal die Kratztonne als Aussichtspunkt aus. Mit Gracia gab es von Anfang an keine Probleme. Was Romy angeht, sah das zunächst anders aus und ich holte mir Hilfe für die Zusammenführung ins Boot. Devorgilla kam von Tag zu Tag mehr an und bekam dadurch auch mehr Selbstbewusstsein. Ich reservierte mir viel Zeit exclusiv für sie, Gracia schloss sich uns schnell an. Je selbstsicherer Devi wurde, desto mehr begann Romy, sie zu akzeptieren. Schließlich begruben die beiden Damen das Kriegsbeil und verstehen sich inzwischen sehr gut. Mittlerweile sind die 3 ein gut eingespieltes, harmonisches Team mit gelegentlichen, unter Katzendamen üblichen , Meinungsverschiedenheiten. Devorgilla passt hervorragend zu den beiden bzw. zu uns. Ich möchte sie nicht mehr missen. Sie hatte zwar schon in ihrem alten Zuhause eine positive Entwicklung gemacht. Inzwischen mauserte sie sich aber zu einem recht selbstbewussten kleinen Katzenmädchen, welches sich nichts gefallen lässt und sehr mit sich selbst und der Welt zufrieden wirkt. LG, Maggie mit Romy und Devorgilla sowie den Engelchen Gracia Whisky, Cajun im Herzen Zitieren 04.09.2012,  10:31 #2 Schmuckele Profil Beiträge anzeigen Blog anzeigen Artikel anzeigen Kleinanzeigen anzeigen AHE e.V. Paten Registriert seit 04.04.2007 Ort Berlin Alter 73 Beiträge 2,046 Danke (Gegeben) 18 Danke (Empfangen) 51 Gefällt mir (Gegeben) 7 Gefällt mir (Empfangen) 49 ----   ----   Bitte wähle eine Kategorie aus dieser Auswahl: - Abbrechen Blue Das freut mich für Dich und die Fellnasen aber wo bleiben die Fotos? Zitieren 04.09.2012,  11:13 #3 Ronjasräubertochter Profil Beiträge anzeigen Blog anzeigen Artikel anzeigen Kleinanzeigen anzeigen AHE e.V. Mitglieder Registriert seit 19.06.2005 Ort Erkrath Alter 52 Beiträge 7,420 Danke (Gegeben) 108 Danke (Empfangen) 65 Gefällt mir (Gegeben) 7 Gefällt mir (Empfangen) 53 Status: mal hier ,mal nicht *gg*     Bitte wähle eine Kategorie aus dieser Auswahl: - Abbrechen Blue supi Maggie Tief im Herzen meine Eltern und meine Engelchen:(( \"Alle Geschöpfe der Erde fühlen wie wir\". Franz von Assisi Zitieren 04.09.2012,  11:48 #4 Maggie Profil Beiträge anzeigen Blog anzeigen Artikel anzeigen Kleinanzeigen anzeigen Miss Pinky & AHE e.V. Mitglied Registriert seit 30.07.2006 Ort Herzogenrath Alter 33 Beiträge 2,077 Danke (Gegeben) 25 Danke (Empfangen) 63 Gefällt mir (Gegeben) 17 Gefällt mir (Empfangen) 67 ----   ----   Bitte wähle eine Kategorie aus dieser Auswahl: - Abbrechen Blue Zitat von Schmuckele Das freut mich für Dich und die Fellnasen aber wo bleiben die Fotos? Ja, ich weiß. Ich habe schon ewig keine gemacht und eingestellt. LG, Maggie mit Romy und Devorgilla sowie den Engelchen Gracia Whisky, Cajun im Herzen Zitieren 04.09.2012,  12:07 #5 Stine Profil Beiträge anzeigen Blog anzeigen Artikel anzeigen Kleinanzeigen anzeigen AHE e.V. Mitglied & Pate & Foren Maikäfer Registriert seit 16.05.2009 Ort Bern Alter 59 Beiträge 3,599 Danke (Gegeben) 161 Danke (Empfangen) 91 Gefällt mir (Gegeben) 70 Gefällt mir (Empfangen) 82 ----     Bitte wähle eine Kategorie aus dieser Auswahl: - Abbrechen Blue Ach ist das schön. Vielen Dank, dass Du Dir für die Zusammenführung so viel Mühe gegeben und Zeit genommen hast. Zitieren 04.09.2012,  20:06 #6 Judith Profil Beiträge anzeigen Blog anzeigen Homepage besuchen Artikel anzeigen Facebook Twitter Myspace YouTube Kleinanzeigen anzeigen 1. Vorstand vom AHE e.V. & Admin Registriert seit 21.12.2004 Ort Osnabrück Alter 47 Beiträge 9,956 Danke (Gegeben) 91 Danke (Empfangen) 100 Gefällt mir (Gegeben) 489 Gefällt mir (Empfangen) 29 Status: Der, Die, Das, Wieso, Weshalb, Warum...     Bitte wähle eine Kategorie aus dieser Auswahl: - Abbrechen Blue Durachdan bho Judith le Sheba na mo chridhe, Enjoy, Sugar, Alice, Jamie, Lynya, Gracie, Angel, EmJay agus na h-ainglean beaga. Für immer in meinem Herzen und unvergessen meine Engel Sheba,Wendy, Freddy, Francis, Nico, Teddy, Nino, Rocky, Charly und Muffin ------------------------------------------- Words are weapons. Use your words wisely so you don't hurt others with them! Zitieren 05.09.2012,  05:45 #7 Maggie Profil Beiträge anzeigen Blog anzeigen Artikel anzeigen Kleinanzeigen anzeigen Miss Pinky & AHE e.V. Mitglied Registriert seit 30.07.2006 Ort Herzogenrath Alter 33 Beiträge 2,077 Danke (Gegeben) 25 Danke (Empfangen) 63 Gefällt mir (Gegeben) 17 Gefällt mir (Empfangen) 67 ----   ----   Bitte wähle eine Kategorie aus dieser Auswahl: - Abbrechen Blue Zitat von Stine Vielen Dank, dass Du Dir für die Zusammenführung so viel Mühe gegeben und Zeit genommen hast. Das ist doch selbstverständlich. Nichts anderes haben die Nasen verdient. LG, Maggie mit Romy und Devorgilla sowie den Engelchen Gracia Whisky, Cajun im Herzen Zitieren « Vorheriges Thema | Nächstes Thema » Lesezeichen Lesezeichen Twitter Facebook Berechtigungen Neue Themen erstellen: Nein Themen beantworten: Nein Anhänge hochladen: Nein Beiträge bearbeiten: Nein   BB-Code ist an. Smileys sind an. [IMG] Code ist an. [VIDEO] Code ist an. HTML-Code ist aus. Foren-Regeln -- AHE Standart -- Standard Mobile Style -- Deutsch (DE) -- Deutsch (Sie) -- English (US) Kontakt Animal Help Europe e.V. Archiv Datenschutzerklärung Nutzungsbedingungen Nach oben Alle Zeitangaben in WEZ +1. Es ist jetzt 08:57 Uhr. Powered by vBulletin® Version 4.2.2 (Deutsch) Copyright ©2014 Adduco Digital e.K. und vBulletin Solutions, Inc. Alle Rechte vorbehalten. Image resizer by SevenSkins Feedback Buttons provided by Advanced Post Thanks / Like v3.2.0 (Lite) - vBulletin Mods & Addons Copyright © 2014 DragonByte Technologies Ltd. Custom Navigation provided by DragonByte Custom Navigation (Lite) - vBulletin Mods & Addons Copyright © 2014 DragonByte Technologies Ltd. Design by Judith P. NACH OBEN ","title":" Devorgilla","desc":"Devorgillas Vermittlungsanzeige hatte ich unbewusst schon eine ganze Zeit im Auge gehabt und wünschte der kleinen Maus vom ganzen Herzen ein tolles Zuhause.  Ich fand es sehr schade, dass ich niemanden kannte, der sie hätte aufnehmen können.     Im März musste ich Cajun erlösen lassen.   Eigentlich spielte ich mit dem Gedanken, seinen Platz nicht zu besetzen... Aber Gracia litt sehr und wurde sehr unzufrieden. Als sich das nicht legte, sondern im Gegenteil immer schlimmer wurde, beschloss ich","details":{"length":7993,"language":"de","date":"2014/10/31 16:18:35","type":"application/xhtml+xml","country":""},"crawling":{"duration":"1","date":"2014/10/31 16:18:35"},"metas":[{"name":"vb_meta_bburl","value":"http://www.animalhelpeurope.de/vbforum"},{"name":"generator","value":"vBulletin 4.2.2"},{"name":"keywords","value":"devorgilla, gracia, zeit, bekam, inzwischen, zuhause, maus, schnell, kleinen, romy, exclusiv, akzeptieren, selbstbewusstsein, reservierte, schloss, selbstsicherer, devi, begann, anfang, desto, zufrieden, hilfe, holte, zunächst, zusammenführung, angeht, probleme, boot, wirkt, verstehen, missen, love36sie, uns.loves, hervorragend, nichts, alten, recht, katzenmädchen, mauserte, positive, entwicklung, meinungsverschiedenheiten, eingespieltes, mittlerweile, selbstbewussten, begruben, damen, kriegsbeil, harmonisches, team"},{"name":"description","value":"Devorgillas Vermittlungsanzeige hatte ich unbewusst schon eine ganze Zeit im Auge gehabt und wünschte der kleinen Maus vom ganzen Herzen ein tolles Zuhause.  Ich fand es sehr schade, dass ich niemanden kannte, der sie hätte aufnehmen können.     Im März musste ich Cajun erlösen lassen.   Eigentlich spielte ich mit dem Gedanken, seinen Platz nicht zu besetzen... Aber Gracia litt sehr und wurde sehr unzufrieden. Als sich das nicht legte, sondern im Gegenteil immer schlimmer wurde, beschloss ich"}],"uri":{"protocol":"http","domain":"de.animalhelpeurope.","url":"http://animalhelpeurope.de/vbforum/showthread.php?11017-devorgilla&p=163435&s=90a1109ea7fe1ca3f90d95eaa156068a&viewfull=1"}}},{"_index":"de_content_201410","_type":"resourceQ","_id":"http://autolackprofi24.de/nissan-redmetallic-nisay4-bj-01-bis-12_1","_score":1.0, "_source" : {"body":" Startseite Mein Konto News Kontakt Oft gestellte Fragen Warenkorb (0,00 €) Anmelden Email-Adresse *: Passwort *: • Passwort vergessen • Neu hier? Jetzt registrieren Startseite » Autolack » Spritzfertig » 0,5 Liter Dose » Nissan » Nissan Red,Metallic NISAY4 Bj.: 01 bis 12 Nissan Red,Metallic NISAY4 Bj.: 01 bis 12 zum vorherigen Artikel zum nächsten Artikel sofort verfügbar ArtikelNr.: 67264 Lieferzeit: 2 - 3 Tage auf die Vergleichsliste auf den Wunschzettel Frage zum Produkt Unser Preis: 23,20 € Grundpreis: 46,40 € pro Liter inkl. 19% USt., zzgl. Versand Wird geladen ... Menge: + - Stk In den Warenkorb Hersteller: Ludwiglacke GmbH ( Weitere Artikel von Ludwiglacke GmbH) Kategorie: Nissan Beschreibung Sie erhalten 0,5 Liter Basislack spritzfertig. Die Dose vor Gebrauch gut durchrühren. Bei der Auswahl des Farbtones muss der Farbcode mit dem Farbnamen und dem Baujahr übereinstimmen. Bei früheren oder späteren Baujahren kann die Rezeptur vom Fahrzeughersteller geändert worden sein. Ihren Farbcode finden Sie im Serviceheft oder am Fahrzeug oder über den Fahrzeughersteller heraus. Es handelt sich um die Standardversion des Farbtones. Wir mischen alle Farben nach der Bestellung neu. Sie benötigen einen Klarlack. Achtung: Basislack unbedingt auf Farbtongenauigkeit prüfen da es immer verschiedene Nuancen von jedem Farbton gibt und wir immer die erste Variante liefern. Es ist gesetzlich verboten mit dieser Lackart Fahrzeuge zu lackieren. Zum lackieren von Fahrzeugen verwenden Sie bitte Wasserbasislack welchen Sie unter Kategorien auswählen können. Artikel weiterempfehlen Kontaktdaten Name Absender: * E-Mail Absender: * Name Empfänger: * E-Mail Empfänger: * Bewertungen Durchschnittliche Artikelbewertung: (es liegen keine Artikelbewertungen vor) Teilen Sie anderen Kunden Ihre Erfahrungen mit Produkt Tags Ihren Produkttag hinzufügen Bitte melden Sie sich an, um einen Tag hinzuzufügen. Frage zum Produkt Kontaktdaten Anrede *: Frau Herr Vorname *: Nachname *: E-Mail *: Ihre Frage *: Code *: Was ergibt 15 geteilt durch 5? Datenschutz Zurück Nach oben Drucken Kategorien Alles zum Abdecken Arbeitskleidung Autolack Spritzfertig 0,5 Liter Dose Alfa Romeo Aston Martin Audi BMW Chevrolet Citroen Dacia Daihatsu Dodge Ferrari Fiat Ford Honda Hyundai Isuzu Jaguar Jeep Kia Lada Lamborghini Lancia-Autobianchi Land Rover Lexus Lotus Maserati Mazda Mercedes Benz Mini Mitsubishi Nissan Opel Peugeot Porsche Renault Rover Saab Seat Skoda Smart Subaru Suzuki Toyota Volvo VW 1 Liter Dose unverdünnt Wasserbasislack Autozubehör Grundierung Klarlack & Härter Klebebänder Lackierkabinen Zubehör Lackiermasken / Atemschutzmaske Lackstiftset Leere Behälter Polieren & Pflegen RAL Spachtelmasse - Fugendichtung - Harz - Matten Spraydosen Unterbodenschutz Verdünner & Reiniger Werkzeuge & Maschinen Fehlender Farbton Informationen Datenblätter Videos Wir über uns Livesuche Versandkosten Zahlungsmöglichkeiten Kundeninformation Newsletter Widerrufsbelehrung © | Datenschutz | AGB | Tags | Sitemap | Impressum ","title":"Nissan Red,Metallic NISAY4 Bj.: 01 bis 12, 23,20 €, Autolackshop","desc":"Autolack Spritzfertig 0,5 Liter Dose","details":{"length":3014,"language":"de","date":"2014/10/31 16:18:33","type":"application/xhtml+xml","country":""},"crawling":{"duration":"1","date":"2014/10/31 16:18:33"},"metas":[{"name":"description","value":"Autolack Spritzfertig 0,5 Liter Dose"},{"name":"keywords","value":"Basislack,spritzfertig,Dose,vor,Gebrauch,gut,durchrühren,Bei,Auswahl,des,Farbtones,muss,Farbcode,dem,Farbnamen,und,Baujahr,übereinstimmen,früheren,oder,späteren,Baujahren,kann,Rezeptur,vom,Fahrzeughersteller,geändert,worden,Ihren,finden,im,Serviceheft,am,"},{"name":"language","value":"de"},{"name":"robots","value":"index, follow"},{"name":"publisher","value":"Ludwig Lacke GmbH"},{"name":"copyright","value":""}],"uri":{"protocol":"http","domain":"de.autolackprofi24.","url":"http://autolackprofi24.de/nissan-redmetallic-nisay4-bj-01-bis-12_1"}}},{"_index":"de_content_201410","_type":"resourceQ","_id":"http://messzeuge.santool.de/massstaebe-linieale/biegsame-massstaebe/biegsame-massstaebe-typ-450/biegsame-massstab-450-messbereich-150-mm::18284428.html","_score":1.0, "_source" : {"body":"    Startseite » Katalog » Maßstäbe & Linieale » Biegsame Maßstäbe » Biegsame Maßstäbe Typ 450 » MI-07074001 Ihr Konto Warenkorb Kasse Suchbegriff eingeben!   Erweiterte Suche Spannwerkzeuge Messwerkzeuge   Taschenmessschieber   Werkstatt-Messschieber   Tiefenmaße   Mikrometer   Lupen & Mikroskope   Messuhren   Winkel   Zirkel & Anreißgeräte   Endmaße & Unterlagen   Stative & Halterungen   Maßstäbe & Linieale Biegsame Maßstäbe    Biegsame Maßstäbe Typ 450    Biegsame Maßstäbe Typ 453    Stahlbandmaße Typ 454 Starre Maßstäbe Präzisions Haarlineale Arbeitsmaßstäbe mit mm-Teilung Präzisions Stahllineale Werkstattlineal   Lehren   Band- & Gliedermaße   3D-Taster Suchbegriff eingeben!   Erweiterte Suche Hier auch als PDF zum Download! Informationen Versandkosten Zahlungsmöglichkeiten Unsere AGB's Datenschutz Kontakt Impressum Sitemap Wer ist online? Derzeit sind 269 Gast/Gäste und 1 registrierte/r Benutzer online Häufige Suchbegriffe ,  173e  185e  55029  5C  Bison  DIN  DIN 203  DIN 228  DIN 55027  DIN 6350  DIN 69871  DIN 800  Drehfutter  Drehfutterschutz  HSK  Hydrodehnspannfutter  Kegel  M 33  Masch  Nutensteine  Parallel  Planscheibe  Spannzangenfutter  Stahl  Zentra  backen  bohrfutter  camlock  drehmaschine  er 25  er32  fest  fräsdorn  fräser  gewinde  inkl  iso 6  kegeldorn  kraftspannfutter  maschinenschraubstock  nutenstein  prisma  prüfdorn  reitstock  schlüssel  sk30  spannfutter  spannzangen  vd 40  Was bedeuten diese Wörter? ---> zurück zur Übersicht: Biegsame Maßstäbe Typ 450 Biegsame Maßstab 450, Messbereich 150 mm Art.Nr.: MI-07074001 DIN 2768 1.50 € zzgl. 19 % UST exkl. Versandkosten (ca. 0.01 kg) Zolltarif: 9017 8090 || >10 Stück in 2-3 Tagen Diesen Artikel finden Sie in unserem Katalog in Kapitel 11. Haben Sie eine Frage zum Produkt? oder haben Sie den Artikel Günstiger gesehen? Biegsame Maßstäbe, EG Klasse II, gem. DIN ISO 2768 m, Teilung mm + 1/2 mm aus gehärtetem Federbandstahl rostfrei Teilung mattverchromt, mm + 1/2 mm, bis 500 mm doppelseitige Teilung, geätzt Teilung “B” mm + 1/2 mm Technische Daten: Messbereich/ Range mm Querschnitt/ profile mm 150 13 x 0,5 Kunden kauften auch folgende Artikel Biegsame Maßstab 450, Messbereich 300 mm Teilung mm + 1/2 mm 2.00 €   Schlosserwinkel, verzinkt, mit Anschlag, 100 x 70 mm verzinkt, mit Anschlag 4.80 €   Biegsame Maßstab Typ 453, Messbereich 300 mm Teilung mm + 1/2 mm 1.20 €   Biegsame Maßstab Typ 453, Messbereich 500 mm Teilung mm + 1/2 mm 2.30 €   Biegsame Maßstab Typ 453, Messbereich 1000 mm Teilung mm + 1/2 mm 4.80 €   Reißnadel, mit gehärteter Stahlspitze, Länge 175 mm Reißnadel, mit gehärteter Stahlspitze 0.90 €   Warenkorb enthält keine Artikel Kontakt Wir nehmen Ihre Bestellung auch gerne per Fax oder eMail entgegen. TeleFON: +49 (0)7321 / 49 088-0 TeleFAX: +49 (0)7321 / 49 088-10 eMAIL: info@santool.de Geschäftszeiten: Mo - Do: 08.30 - 12.00 Uhr 13.00 - 17.00 Uhr Freitag: 08.30 - 15.00 Uhr Kunden Account Login Passwort   Passwort vergessen?   Registrieren! Neue Artikel Leichtmetall Wasserwage 2000 mm 52.80 € [Mehr] Bewertungen Bewerten Sie diesen Artikel! Newsletter eMail   Aktion  Anmelden  Abmelden Copyright © 2006 SanTool. Alle Rechte vorbehalten. Optimale Darstellung mit allen gängigen Browsern. Template Copyright © 2006-2014 by SanTool. SanTool Werkzeuge GmbH 4.9 von 5 möglichen Sternen basierend auf 138 Bewertungen Empfehlungen aus dem Technologiezentrum: Abdeckplanen | Druckverschlussbeutel | Streifenvorhang Artikelübersicht | Impressum eCommerce Engine © 2004 xt:Commerce","title":"Biegsame Maßstab 450, Messbereich 150 mm /   / DIN 2768 / MI-07074001 / SanTool Werkzeuge GmbH","desc":"Biegsame Maßstab 450, Messbereich 150 mm MI-07074001:   Biegsame Maßstäbe, EG Klasse II, gem. DIN ISO 2768 m, Teilung mm + 1/2 mm      aus gehärtetem Federbandstahl     rostfrei     Teilung mattverchromt, mm + 1/2 mm, bis 500 mm doppelseitige Teilung, geätzt     Teilung “B” mm + 1/2 mm   Technische Daten:                      Messbereich/      Range      mm             Querschnitt/     profile     mm               150         13 x 0,5      , Wir sind ein Online-Handel für Präzisionswerkzeuge, speziell aus dem Bereich der Spanntechnik. Wir vertreiben unter anderem Markenprodukte von Zentra, ROTOR, TdeG, MULTISUISSE, Tos Svitavy, Haimer und viele mehr","details":{"length":3515,"language":"de","date":"2014/10/31 16:18:36","type":"text/html","country":""},"crawling":{"duration":"1","date":"2014/10/31 16:18:36"},"metas":[{"name":"generator","value":"(c) by xt:Commerce v3.0.4 SP1 , http://www.xt-commerce.com"},{"name":"google-translate-customization","value":"24ada2e8531197ad-fbda1e261277f0f9-g6266da2471fd4176-1b"},{"name":"keywords","value":"Biegsame Maßstab 450, Messbereich 150 mm, MI-07074001, , 2768, bison,zentra,tos,drehfutter,multisuisse,mack,werkzeuge,präzision,spannzangen,hülsen,dorne,bohrfutter,teilapparate,reitstöcke,rundtische,spanntische,körnerspitzen,spanntechnik,santool,sanwald,schraubstöcke,vdi,werkzeugaufnahmen,sch"},{"name":"description","value":"Biegsame Maßstab 450, Messbereich 150 mm MI-07074001:   Biegsame Maßstäbe, EG Klasse II, gem. DIN ISO 2768 m, Teilung mm + 1/2 mm      aus gehärtetem Federbandstahl     rostfrei     Teilung mattverchromt, mm + 1/2 mm, bis 500 mm doppelseitige Teilung, geätzt     Teilung “B” mm + 1/2 mm   Technische Daten:                      Messbereich/      Range      mm             Querschnitt/     profile     mm               150         13 x 0,5      , Wir sind ein Online-Handel für Präzisionswerkzeuge, speziell aus dem Bereich der Spanntechnik. Wir vertreiben unter anderem Markenprodukte von Zentra, ROTOR, TdeG, MULTISUISSE, Tos Svitavy, Haimer und viele mehr"},{"name":"robots","value":"index,follow"},{"name":"Language","value":"DE"},{"name":"google-site-verification","value":"6AzcOOqaZBgxLMZBRbxK85jZYBe6uvNasKADd-1iiSs"},{"name":"generator","value":"(c) by xt:Commerce v3.0.4 SP1 , http://www.xt-commerce.com"}],"uri":{"protocol":"http","domain":"de.santool.messzeuge.","url":"http://messzeuge.santool.de/massstaebe-linieale/biegsame-massstaebe/biegsame-massstaebe-typ-450/biegsame-massstab-450-messbereich-150-mm::18284428.html"}}},{"_index":"de_content_201410","_type":"resourceQ","_id":"http://hoergruselspiele.de/index.php?page=thread&pageno=629&s=6db6e3271f8bcac9d6f7a14bac0174df0d55ef92&threadid=19","_score":1.0, "_source" : {"body":" Skip navigation You are not logged in. Login Register wbb.header.userMenu.rssfeed Change Language German German (Informal) English Unread posts Unreplied threads Threads of the last 24 hours Advanced Search Hoergruselspiele Portal Calendar Forum Hoergruselspiele » Gruftgeflüster » Das Fun-Forum » Wortkette Dear visitor, welcome to Hoergruselspiele. If this is your first visit here, please read the Help. It explains in detail how this page works. To use all features of this page, you should consider registering. Please use the registration form, to register here or read more information about the registration process. If you are already registered, please login here. 1 … 2 34 66 98 130 162 194 226 258 290 322 354 386 418 450 482 514 546 578 610 627 628 629 630 631 … 632 638 644 650 656 662 668 674 680 686 692 698 704 710 716 722 728 734 735 Skip user information NEXUS - N - E - X - V - Z - Posts: 7,708 12,561 Sunday, January 30th 2011, 4:08am OsSakrum . Ersteller des 1. Beitrages : 2010,11,12+13 Go to the top of the page Skip user information Seraph Deine Zeit läuft ab... Posts: 4,958 12,562 Sunday, January 30th 2011, 3:50pm RumKugel „Aber ich möchte nicht unter Verrückte kommen!\" „Oh, das kannst du wohl kaum verhindern. Wir sind hier nämlich alle verrückt.\" [Alice im Wunderland] Go to the top of the page Skip user information Lapicida Tempus fugit - Die Tat unterscheidet das Ziel vom Traum. Posts: 4,803 Current mood: Location: NRW/ Nähe Dortmund wcf.user.option.userOption50: John Sinclair, Macabros, Drizzt, Dorian Hunter, Gabriel Burns wcf.user.option.userOption52: Necroscope®, Perry Rhodan Silber Edition, EA 2400 wcf.user.option.userOption51: \"Poltergeister waren in ihrem früheren Leben zumeist verbohrte Spießer!\"(Doktor Phillips) 12,563 Sunday, January 30th 2011, 4:00pm KugelFisch Unmündigkeit ist das Unvermögen, sich seines Verstandes ohne Leitung eines anderen zu bedienen. Kant. Die Erfahrung ist wie eine Laterne im Rücken. Sie beleuchtet stets nur das Stück des Weges, welchen wir bereits hinter uns haben. All human beings are born free and equal in dignity and rights ! \"...but some are more equal than others...\" Go to the top of the page Skip user information Seraph Deine Zeit läuft ab... Posts: 4,958 12,564 Sunday, January 30th 2011, 6:22pm FischBrötchen „Aber ich möchte nicht unter Verrückte kommen!\" „Oh, das kannst du wohl kaum verhindern. Wir sind hier nämlich alle verrückt.\" [Alice im Wunderland] Go to the top of the page Skip user information NEXUS - N - E - X - V - Z - Posts: 7,708 12,565 Sunday, January 30th 2011, 9:08pm BrötchenHälfte . Ersteller des 1. Beitrages : 2010,11,12+13 Go to the top of the page Hörgruselspiele unterstützt: Meine Stimme für Lenja Skip user information Sylphida Captain Lyse Posts: 16,641 Current mood: Location: NRW wcf.user.option.userOption50: Gabriel Burns, Dorian Hunter, John Sinclair wcf.user.option.userOption52: Tripods, Necroscope 12,566 Sunday, January 30th 2011, 9:36pm HälfteAnteil Go to the top of the page Skip user information NEXUS - N - E - X - V - Z - Posts: 7,708 12,567 Sunday, January 30th 2011, 9:40pm TeilZeit . Ersteller des 1. Beitrages : 2010,11,12+13 Go to the top of the page Skip user information Sylphida Captain Lyse Posts: 16,641 Current mood: Location: NRW wcf.user.option.userOption50: Gabriel Burns, Dorian Hunter, John Sinclair wcf.user.option.userOption52: Tripods, Necroscope 12,568 Sunday, January 30th 2011, 9:41pm zeitlos Go to the top of the page Skip user information NEXUS - N - E - X - V - Z - Posts: 7,708 12,569 Sunday, January 30th 2011, 9:42pm LosGelöst . Ersteller des 1. Beitrages : 2010,11,12+13 Go to the top of the page Skip user information Sylphida Captain Lyse Posts: 16,641 Current mood: Location: NRW wcf.user.option.userOption50: Gabriel Burns, Dorian Hunter, John Sinclair wcf.user.option.userOption52: Tripods, Necroscope 12,570 Wednesday, February 2nd 2011, 8:09pm GelösterKaffee Go to the top of the page Skip user information Jelena Kassiopaia Ella Rosa Bienlein + Randgruppen-Mitglied Posts: 2,707 12,571 Wednesday, February 2nd 2011, 8:32pm KaffeeKanne Das Leben ist wie eine Pralinenschachtel - man weis nie, was man bekommt (aus Forest Gump) Am Ende wird alles gut. Wenn es nicht gut wird, ist es noch nicht das Ende. (Oscar Wilde) Go to the top of the page Skip user information NEXUS - N - E - X - V - Z - Posts: 7,708 12,572 Wednesday, February 2nd 2011, 11:10pm KanneVoll . Ersteller des 1. Beitrages : 2010,11,12+13 Go to the top of the page Hörgruselspiele unterstützt: Meine Stimme für Lenja Skip user information Lapicida Tempus fugit - Die Tat unterscheidet das Ziel vom Traum. Posts: 4,803 Current mood: Location: NRW/ Nähe Dortmund wcf.user.option.userOption50: John Sinclair, Macabros, Drizzt, Dorian Hunter, Gabriel Burns wcf.user.option.userOption52: Necroscope®, Perry Rhodan Silber Edition, EA 2400 wcf.user.option.userOption51: \"Poltergeister waren in ihrem früheren Leben zumeist verbohrte Spießer!\"(Doktor Phillips) 12,573 Wednesday, February 2nd 2011, 11:12pm VollMilch Unmündigkeit ist das Unvermögen, sich seines Verstandes ohne Leitung eines anderen zu bedienen. Kant. Die Erfahrung ist wie eine Laterne im Rücken. Sie beleuchtet stets nur das Stück des Weges, welchen wir bereits hinter uns haben. All human beings are born free and equal in dignity and rights ! \"...but some are more equal than others...\" Go to the top of the page Skip user information NEXUS - N - E - X - V - Z - Posts: 7,708 12,574 Wednesday, February 2nd 2011, 11:14pm MilchBart . Ersteller des 1. Beitrages : 2010,11,12+13 Go to the top of the page Skip user information Lapicida Tempus fugit - Die Tat unterscheidet das Ziel vom Traum. Posts: 4,803 Current mood: Location: NRW/ Nähe Dortmund wcf.user.option.userOption50: John Sinclair, Macabros, Drizzt, Dorian Hunter, Gabriel Burns wcf.user.option.userOption52: Necroscope®, Perry Rhodan Silber Edition, EA 2400 wcf.user.option.userOption51: \"Poltergeister waren in ihrem früheren Leben zumeist verbohrte Spießer!\"(Doktor Phillips) 12,575 Wednesday, February 2nd 2011, 11:16pm BartSchneider Unmündigkeit ist das Unvermögen, sich seines Verstandes ohne Leitung eines anderen zu bedienen. Kant. Die Erfahrung ist wie eine Laterne im Rücken. Sie beleuchtet stets nur das Stück des Weges, welchen wir bereits hinter uns haben. All human beings are born free and equal in dignity and rights ! \"...but some are more equal than others...\" Go to the top of the page Skip user information NEXUS - N - E - X - V - Z - Posts: 7,708 12,576 Wednesday, February 2nd 2011, 11:19pm ich wollt nicht direkt den Kopf ab - nur den Bart (wenn) SchneiderHandwerk . Ersteller des 1. Beitrages : 2010,11,12+13 Go to the top of the page Skip user information Sylphida Captain Lyse Posts: 16,641 Current mood: Location: NRW wcf.user.option.userOption50: Gabriel Burns, Dorian Hunter, John Sinclair wcf.user.option.userOption52: Tripods, Necroscope 12,577 Wednesday, February 2nd 2011, 11:21pm HandwerksKammer Go to the top of the page Skip user information Lapicida Tempus fugit - Die Tat unterscheidet das Ziel vom Traum. Posts: 4,803 Current mood: Location: NRW/ Nähe Dortmund wcf.user.option.userOption50: John Sinclair, Macabros, Drizzt, Dorian Hunter, Gabriel Burns wcf.user.option.userOption52: Necroscope®, Perry Rhodan Silber Edition, EA 2400 wcf.user.option.userOption51: \"Poltergeister waren in ihrem früheren Leben zumeist verbohrte Spießer!\"(Doktor Phillips) 12,578 Wednesday, February 2nd 2011, 11:23pm KammerJäger Unmündigkeit ist das Unvermögen, sich seines Verstandes ohne Leitung eines anderen zu bedienen. Kant. Die Erfahrung ist wie eine Laterne im Rücken. Sie beleuchtet stets nur das Stück des Weges, welchen wir bereits hinter uns haben. All human beings are born free and equal in dignity and rights ! \"...but some are more equal than others...\" Go to the top of the page Skip user information NEXUS - N - E - X - V - Z - Posts: 7,708 12,579 Wednesday, February 2nd 2011, 11:26pm JägerZumpft . Ersteller des 1. Beitrages : 2010,11,12+13 Go to the top of the page Hörgruselspiele unterstützt: Meine Stimme für Lenja Skip user information Lapicida Tempus fugit - Die Tat unterscheidet das Ziel vom Traum. Posts: 4,803 Current mood: Location: NRW/ Nähe Dortmund wcf.user.option.userOption50: John Sinclair, Macabros, Drizzt, Dorian Hunter, Gabriel Burns wcf.user.option.userOption52: Necroscope®, Perry Rhodan Silber Edition, EA 2400 wcf.user.option.userOption51: \"Poltergeister waren in ihrem früheren Leben zumeist verbohrte Spießer!\"(Doktor Phillips) 12,580 Thursday, February 3rd 2011, 12:06am ZumpftBekleidung Unmündigkeit ist das Unvermögen, sich seines Verstandes ohne Leitung eines anderen zu bedienen. Kant. Die Erfahrung ist wie eine Laterne im Rücken. Sie beleuchtet stets nur das Stück des Weges, welchen wir bereits hinter uns haben. All human beings are born free and equal in dignity and rights ! \"...but some are more equal than others...\" Go to the top of the page 1 … 2 34 66 98 130 162 194 226 258 290 322 354 386 418 450 482 514 546 578 610 627 628 629 630 631 … 632 638 644 650 656 662 668 674 680 686 692 698 704 710 716 722 728 734 735 1 user apart from you is browsing this thread: 1 guests Unread posts Unreplied threads Threads of the last 24 hours Jump to: ----------------------- Hörspiele      Hörspiel-News      Hörspiel-Newsletter      Grusel-Hörspiele      Hörspiel-Rezensionen      Gruselusers Empfehlung      Alles ums Hörspiel Hörbücher      Hörbuch-News      Grusel-Hörbücher      Hörbuch-Rezensionen      Alles ums Hörbuch Datenbank      Themen zu Datenbank Label und Autoren      Audible      Bellgatto Audio      Contendo Media      Dreamland      Fear4Ears      Hörorkan      IMAGA      Lindenblatt-Records      Lübbe Audio      Marctropolis      Pidax      Pandoras Play      Push My Belly      Pop      Rubikon Hörspiele      Stephen King Spezial      R & B Company Gruseliges Allerlei      Bücher und Geschichten      Heftromane      Filme      Games      Musik      Podcasts      Sonstiger Grusel Gruftgeflüster      Unsere User      Das Fun-Forum      Die Plauderecke      Umfragen Forum      Interview-Forum      Internetseite vorstellen Rund um Hoergruselspiele      Adventskalender 2010      Forum      Gewinnspiele      Chat / Shoutbox      Marktplatz      Wünsche und Anregungen      HörgruselGames Help Legal Notice Terms of use Change style dot's Retirement Castle Halloween2010 Hoergrusel Basic Hoergrusel grey Hoergrusel Romance Mad's Eighties Mad's Seventies schanalls Brotkasten WoltLab Basic WoltLab Blue Sunrise Wednesday, July 2nd 2014, 11:58am Go to the top of the page Forum Software: Burning Board®, developed by WoltLab® GmbH Remember me? ","title":"Wortkette - Page 629  - Das Fun-Forum - Hoergruselspiele","desc":"Das Forum rund um Gruselhoerspiele und Gruselhoerbuecher","details":{"length":10704,"language":"de","date":"2014/10/31 16:18:34","type":"application/xhtml+xml","country":""},"crawling":{"duration":"1","date":"2014/10/31 16:18:34"},"metas":[{"name":"description","value":"Das Forum rund um Gruselhoerspiele und Gruselhoerbuecher"},{"name":"keywords","value":"Gruselhoerspiel, Hoerspiele, Hoerspiel, Hoerbuecher, Grusel, Horror, Splatter, Psycho, News, Neuigkeiten, Hoerspielwelt, Hoerspieltalk, Hoerspielfreunde, Forum, Community, Gruselstory, John Sinclair, Macabros, Gabriel Burns, Larry Brent"}],"uri":{"protocol":"http","domain":"de.hoergruselspiele.","url":"http://hoergruselspiele.de/index.php?page=thread&pageno=629&s=6db6e3271f8bcac9d6f7a14bac0174df0d55ef92&threadid=19"}}},{"_index":"de_content_201410","_type":"resourceQ","_id":"http://modeschmuck-weiner.de/miyuki/wuerfel-3-mm:::145_166.html?modsid=dl431ei9aku2vhjv17q3m7v7d4","_score":1.0, "_source" : {"body":" Suche: Erweiterte Suche » Startseite Warenkorb Mein Konto Neukunde? Kasse Anmelden Startseite » Miyuki » Würfel 3 mm Kategorien Anleitungen Anleitungen Download Bänder Kits Matsuno Miyuki Cut 8/0 Drop 3,4 mm Hex Cut 8/0 Long Magatama Magatama 4 mm Tila Würfel 3 mm Würfel 4 mm Rocailles 6/0 Rocailles 8/0 Rocailles 10/0 Rocailles 11/0 Rocailles 15/0 Delica 11/0 Super Duo Swarovski TOHO Wechselschmuck Edelstahl Cabochonsteine Edelstahlketten Edelsteine Fassungen gefädelte Schmuckstücke Glasperlen rund Glasquadrate Glasschliffperlen Nadel und Faden Polarisperlen Verschlüsse Workshop Zubehör Mehr über... Liefer- und Versandkosten Datenschutz Unsere AGB's Impressum Kontakt Anleitungen Download Widerrufsrecht Würfel 3 mm Zeige 1 bis 15 (von insgesamt 15 Artikeln) Seiten:   1  SB3-2008 Matt Met Patina Iris 4,20 EUR ( inkl. 19 % MwSt. zzgl. Versandkosten ) 42,00 EUR pro 100g Lieferzeit: 3-4 Tage   SB3-2035 Matt Met Khaki Iris 3,50 EUR ( inkl. 19 % MwSt. zzgl. Versandkosten ) 35,00 EUR pro 100g Lieferzeit: 3-4 Tage   SB3-2411 Tr Montana Blue 1,20 EUR ( inkl. 19 % MwSt. zzgl. Versandkosten ) 12,00 EUR pro 100g Lieferzeit: 3-4 Tage   SB3-2411F Matt Tr Montana Blue 1,30 EUR ( inkl. 19 % MwSt. zzgl. Versandkosten ) 13,00 EUR pro 100g Lieferzeit: 3-4 Tage   SB3-25F Matt S/L Capri Blue 1,65 EUR ( inkl. 19 % MwSt. zzgl. Versandkosten ) 16,50 EUR pro 100g Lieferzeit: 3-4 Tage   SB3-2607 Spkl Purple Ld Crystal 1,70 EUR ( inkl. 19 % MwSt. zzgl. Versandkosten ) 17,00 EUR pro 100g Lieferzeit: 3-4 Tage   SB3-401 Black 1,30 EUR ( inkl. 19 % MwSt. zzgl. Versandkosten ) 13,00 EUR pro 100g Lieferzeit: 3-4 Tage   SB3-401FR Matt Black AB 1,90 EUR ( inkl. 19 % MwSt. zzgl. Versandkosten ) 19,00 EUR pro 100g Lieferzeit: 3-4 Tage   SB3-452 Met Dk Blue Iris 1,70 EUR ( inkl. 19 % MwSt. zzgl. Versandkosten ) 17,00 EUR pro 100g Lieferzeit: 3-4 Tage   SB3-455 Met Variegated Blue Iris 1,50 EUR ( inkl. 19 % MwSt. zzgl. Versandkosten ) 15,00 EUR pro 100g Lieferzeit: 3-4 Tage   SB3-457 Met Dk Bronze 4,20 EUR ( inkl. 19 % MwSt. zzgl. Versandkosten ) 42,00 EUR pro 100g Lieferzeit: 3-4 Tage   SB3-458 Met Brown Iris 1,70 EUR ( inkl. 19 % MwSt. zzgl. Versandkosten ) 17,00 EUR pro 100g Lieferzeit: 3-4 Tage   SB3-5F Matt S/L Dk Topas 1,80 EUR ( inkl. 19 % MwSt. zzgl. Versandkosten ) 18,00 EUR pro 100g Lieferzeit: 3-4 Tage   SB3-Mix12 Mix Apparition 1,60 EUR ( inkl. 19 % MwSt. zzgl. Versandkosten ) 16,00 EUR pro 100g Lieferzeit: 3-4 Tage   SB3-Mix22 Mix Honey Butter 2,00 EUR ( inkl. 19 % MwSt. zzgl. Versandkosten ) 20,00 EUR pro 100g Lieferzeit: 3-4 Tage   Zeige 1 bis 15 (von insgesamt 15 Artikeln) Seiten:   1  Warenkorb Ihr Warenkorb ist leer. Willkommen zurück! E-Mail-Adresse: Passwort: Passwort vergessen? Bestseller 01. SB3-452 Met Dk Blue Iris 1,70 EUR 17,00 EUR pro 100g inkl. 19 % MwSt. zzgl. Versandkosten 02. SB3-2035 Matt Met Khaki Iris 3,50 EUR 35,00 EUR pro 100g inkl. 19 % MwSt. zzgl. Versandkosten 03. SB3-Mix22 Mix Honey Butter 2,00 EUR 20,00 EUR pro 100g inkl. 19 % MwSt. zzgl. Versandkosten 04. SB3-Mix12 Mix Apparition 1,60 EUR 16,00 EUR pro 100g inkl. 19 % MwSt. zzgl. Versandkosten 05. SB3-2607 Spkl Purple Ld Crystal 1,70 EUR 17,00 EUR pro 100g inkl. 19 % MwSt. zzgl. Versandkosten Modeschmuck & Accessoires © 2014 | Template © 2009-2014 by mod ified eCommerce Shopsoftware mod ified eCommerce Shopsoftware © 2009-2014 Parse Time: 0.316s","title":"Würfel 3 mm - Modeschmuck & Accessoires","desc":"Würfel 3 mm","details":{"length":3358,"language":"de","date":"2014/10/31 16:18:36","type":"application/xhtml+xml","country":""},"crawling":{"duration":"1","date":"2014/10/31 16:18:36"},"metas":[{"name":"keywords","value":"würfel"},{"name":"description","value":"Würfel 3 mm"},{"name":"language","value":"de"},{"name":"robots","value":"index,follow"},{"name":"author","value":"Modeschmuck & Accessoires"},{"name":"publisher","value":"Modeschmuck & Accessoires"},{"name":"company","value":"Modeschmuck & Accessoires"},{"name":"page-topic","value":"shopping, schmuck,"},{"name":"revisit-after","value":"1"},{"name":"generator","value":"(c) by modified eCommerce Shopsoftware ------ http://www.modified-shop.org"}],"uri":{"protocol":"http","domain":"de.modeschmuck-weiner.","url":"http://modeschmuck-weiner.de/miyuki/wuerfel-3-mm:::145_166.html?modsid=dl431ei9aku2vhjv17q3m7v7d4"}}},{"_index":"de_content_201410","_type":"resourceQ","_id":"http://ekesys.de/index.php?cat=c1928_platten-fliesen-diverse-platten-fliesen-diverse.html","_score":1.0, "_source" : {"body":"          Kundenlogin      Merkzettel Kasse Startseite Produktinfo Unternehmen Katalog Donwload Kontakt Go Startseite » KS TOOLS » Hämmer » Platten-Fliesen-Diverse Ihr Warenkorb keine Produkte Schnäppchenmarkt Alarmanlage u. Zubehör Elektronische Fahrtenbücher Erste-Hilfe Kamasatools KS-Tools Leuchten und Lampen Navigation / Car Entertainment Nilfisk ALTO Riegler Druckluft WEICON-Produkte mobile Apps Kundenlogin! E-Mail-Adresse Passwort Anmelden Konto erstellen Passwort vergessen? Angebote   Rauchmelder RA260 Statt 8,50 EUR Nur 7,95 EUR Newsletter-Anmeldung E-Mail Anmelden News Unsere Vertriebspartner Informationen Sitemap Mehr über... Impressum AGB Liefer- und Versandkosten Privatsphäre und Datenschutz Widerrufsbelehrung bis 12.06.2014 Widerrufsbelehrung ab 13.06.2014 42 Arthur Shop Schnittstelle by sync4.de © 2012 Komplett-Systeme Zubehör Aufbewahrung Kfz-Werkzeuge Scharfkantige Werkzeuge Schlagwerkzeuge Schlüssel Schraubendreher Shop Steckschlüsselsätze Steckwerkzeuge Werkstattausrüstung Zangen Abzieher Akku Arbeitsschutz/Berufsbekleidung Automobilwerkzeuge Bauwerkzeuge Betriebseinrichtung Bits und Winkelstiftsch. Drehmomentschlüssel Druckluft Ersatzteile/Zubehör Feinmechanik Funkenfreie Werkzeuge Hammer / Meißel / Durchtreiber Licht LKW Messwerkzeuge Sanitär Schlüssel / Gearplus Schneiden/Schaben Schraubendreher Steckschlüssel VDE Werkstattwagen Zangen Zerspanung Aussenleuchten Aussenleuchten Zubehör Deckenaufbauleuchten Deckenbauringe Deckeneinbauleuchten Deckenleuchten Displayleuchten Industrieleuchten Leuchtmittel Messestrahler Möbeleinbauringe Pendelleuchten Profile Schienensysteme Schrankaufbauleuchten Seilsysteme Spiegelleuchten Stehleuchte Stromschienensysteme Transformatoren Halogen Transformatoren LED Traversen 2-Rohr Traversen 3-Rohr Traversen 4-Rohr Traversen Zubehör Unterbauleuchten Vorschaltgeräte Wandeinbauleuchten Wandleuchten Zubehör Bury Car Multimedia Geräte Car Multimedia Zubehör Car Navigation Monitorsysteme Car Navigation Radiosysteme Car Navigation Zubehör Mobile Navigation Mobile Navigation Zubehör Navigations Software Telematik Telematikzubehör Frühlingsaktion Gewerbliche Anwendung Privat Anwendung Druck und Temperaturmessung Schläuche und Zubehör Schlauchkupplungen Vakuum-Technik Ventile und Absperrorgane Verschraubungen und Verbindungsteile Wartungsgeräte Zylinder und Steuerventile 1-Komponenten Klebstoff-Systeme 2-Komponenten Klebstoff-Systeme Abisolierwerkzeuge Allround Lubricant Anti-Seize Elastische Kleb- und Dichtstoffe Flüssigwirkstoffe Technische Sprays 1 Zoll Zubehör Automobilwerkzeuge, LKW-Werkzeuge Zollwerkzeuge 1/4 Zoll Sätze Gemischt 3/8 Zoll Sätze Gemischt Zollwerkzeuge 1/4 Zoll Sätze Sortenrein Werkstattwagen, Betriebseinrichtung 1/2 Zoll Zubehör Automobilwerkzeuge, LKW-Werkzeuge Zollwerkzeuge 1/4 Zoll Umschalt-Knarren 1/4 Zoll Zubehör 3/8 Zoll Zubehör Automobilwerkzeuge, LKW-Werkzeuge Werkstattwagen, Betriebseinrichtung Zollwerkzeuge 1/4 Zoll Zubehör 3/8 Zoll Sätze Gemischt Automobilwerkzeuge, LKW-Werkzeuge 1/4 Zoll Umschalt-Knarren Zollwerkzeuge Zollwerkzeuge Automobilwerkzeuge, LKW-Werkzeuge Schraubendreher Zollwerkzeuge Zollwerkzeuge Zollwerkzeuge 3/8 Zoll Stecknüsse Zollwerkzeuge 3/8 Zoll Zubehör Automobilwerkzeuge, LKW-Werkzeuge Zollwerkzeuge Automobilwerkzeuge, LKW-Werkzeuge Automobilwerkzeuge, LKW-Werkzeuge Abzieher Akku-Bohrschrauber Akku-Fettpresse Akku-Kartuschen-Pistolen Akku-Leuchten Akku-Poliermaschinen Akkus und Ladegeräte Akku-Schlagschrauber Akku-Schleifmaschinen Akku-Umschaltknarren Blindniet-Pistolen Zuehör für Akku-Starthilfegeräte Sanitärwerkzeuge, Bauwerkzeuge Automobilwerkzeuge, LKW-Werkzeuge Ablagestelle Abzieher Achswerkzeuge Akku-Starthilfegeräte Auftragstaschen Automobilwerkzeuge, LKW-Werkzeuge Blechbearbeitung Bördelgeräte Bremsen-Schlüssel Bremsenservice Bremsfedern Bremsreinigung Bremssensoren Fahrwerk- & Lenkradbearbeitung Federbein- & Stoßdämpferbearbeitung Gelenkbolzen-Ausdrücker Gewindebearbeitung Hakenwerkzeug Hydraulik Innenraum De- & Montage Inspektionslampen Kartuschen & Zubehör Kraftvervielfältiger Laufbühne Liegen/Hocker Magnethalter Mechanikerhebel Messschieber & Messuhren Motorservice Ölservice PKW-Schutz Plattformwagen Radkappenschlüssel Radkappenwerkzeug Radnaben-Abzieher Rangierwagen Reifenfüllmesser Reifenmontage & Reparatur Reifenpaste & Zubehör Reinigungsnadeln Richt- & Bohrwerkzeuge Saugheber Scheibenausbau Schlagschlüssel Schlauchschellen / Achsmanschetten Schraubendreher & Bits Schraubstock Servicewagen Sonstiges Spezialnüsse & Mutternsprenger Spiegel & Lupen Stecknüsse Testgeräte Transport Transportkarren Trnasport Unterstellblöcke Wagenheber Werkstattkran Behälter Meißel Richtwerkzeuge Sandhieb Schaufel & Besen Spachtel & Kellen Hammer/Meißel/Durchtreiber Hammer/Meißel/Durchtreiber Arbeitstische Hakensortiment Rangierwagen Reinigungsstationen Rückwandsysteme Schraubstock Sonstiges Wagenheber Wandschränke Werkbänke 1/4 Zoll Chrom plus Bits 25mm 1/4 Zoll Chrom plus Bits 75mm 1/4 Zoll Classic Bits 25mm 1/4 Zoll Classic Bits 50mm 1/4 Zoll Classic Bits 75mm 1/4 Zoll Einschraubwerkzeug 1/4 Zoll inox plus Bits 25mm 10mm Classic Bits 120mm 10mm Classic Bits 30mm 10mm Classic Bits 75mm 5/16 Zoll Classic Bits Adapter Bithalter Bitratschen Bit-Schraubendreher Micro Bits Ratschen-Bit-Schraubendreher Automobilwerkzeuge, LKW-Werkzeuge Automobilwerkzeuge, LKW-Werkzeuge Hammer/Meißel/Durchtreiber VDE-Werkzeuge, Messwerkzeuge, Feinmechanik Zollwerkzeuge GEARplus 4 in 1 Doppel-Ringschlüssel GEARplus Doppel- Ringschlüssel Automobilwerkzeuge, LKW-Werkzeuge GEARplus Doppel-Ringschlüssel, gekröpft GEARplus Umschalt-Doppel-Ringschlüssel GEARplus Universal Umschalt-Doppel-Ringschlüssel Zollwerkzeuge Automobilwerkzeuge, LKW-Werkzeuge Automobilwerkzeuge, LKW-Werkzeuge Ausblaswerkzeug Blindniet-Pistolen Bohrmaschinen Druckluftmontagegerät Druckluft-Schläuche Fettpressen Gehörschutz Meißel-Hämmer Nadelentroster Reifenfüllmesser Schlagschrauber Schleif-Werkzeug Stich- Nippel- & Schneidwerkzeuge Umschaltknarren Wartungseinheiten Zubehör Automobilwerkzeuge, LKW-Werkzeuge Schlagschlüssel Automobilwerkzeuge, LKW-Werkzeuge Schlagschlüssel Schlüssel Zugringschlüssel Werkstattwagen, Betriebseinrichtung Automobilwerkzeuge, LKW-Werkzeuge Ultimate precision Drehmomentschlüssel Abzieher Automobilwerkzeuge, LKW-Werkzeuge Federbein- & Stoßdämpferbearbeitung Automobilwerkzeuge, LKW-Werkzeuge Pinzetten VDE-Werkzeuge, Messwerkzeuge, Feinmechanik Zangen GEARplus 4 in 1 Doppel-Ringschlüssel GEARplus Flexlok Ringmaulschlüssel Gelenk-Ringmaulschlüssel Gelenk-Ringmaulschlüssel Mini-Ringmaulschlüssel Ringmaulschlüssel Ringmaulschlüssel TX-E-Doppel-Ringschlüssel Ringmaulschlüssel XXL Ringmaulschlüssel Automobilwerkzeuge, LKW-Werkzeuge Kraftstoffanlage/Einspritztechnik Motorzangen Ausbeulhämmer Automobilwerkzeuge, LKW-Werkzeuge Elektrikerhämmer Ersatzstiele Fäustel Gipserbeile Hacken Klauenhämmer Latthämmer Maurerhämmer Platten-Fliesen-Diverse Rückschlagfreie Schonhämmer Rundkeile Schlosserhämmer Schonhämmer Schreinerhämmer Schweißer-Pickhämmer Spalthämmer & Äxte Vorschlaghämmer Automobilwerkzeuge, LKW-Werkzeuge Sanitärwerkzeuge, Bauwerkzeuge Automobilwerkzeuge, LKW-Werkzeuge Automobilwerkzeuge, LKW-Werkzeuge 1 Zoll Bit-Stecknüsse 1 Zoll Stecknüsse 1 Zoll Zubehör 1/2 Zoll Bit-Stecknüsse 1/2 Zoll Radmontage-Stecknüsse 1/2 Zoll Stecknüsse 1/2 Zoll Zubehör 1/4 Zoll Stecknüsse 1/4 Zoll Zubehör 3/4 Zoll Bit-Stecknüsse 3/4 Zoll Stecknüse 3/4 Zoll Zubehör 3/8 Zoll Stecknüsse 3/8 Zoll Zubehör Automobilwerkzeuge, LKW-Werkzeuge Ölservicezangen Automobilwerkzeuge, LKW-Werkzeuge Kugellager-Abzieher Automobilwerkzeuge, LKW-Werkzeuge Radnaben-Abzieher Automobilwerkzeuge, LKW-Werkzeuge Arbeitslampen Handlampen Inspektionslampen Kopflampe LED Kugelschreiber Stablampen Taschenlampen Zubehör Achsen Bremsen Fahrwerk Motor Ölservice Räder & Reifen Antreiber Dichtring-Demontagewerkzeug Durchtreiber Eintreiber Elektrikermeißel Flachmeißel Fleisenflachmeißel Fließenspitzmeißel Fugenmeißel Handschutzgriffe Henkel-Locheisen Karosseriemeißel Körner Kreuzmeißel Maurermeißel Prägestempel Ring-Stanzeisen Schlitzmeißel Spitzmeißel Vorstecher Zentrierdorn Gewinde- und Fühlerlehren Gliedermaßstäbe Höhenreißer und Reißnadel Maßstäbe Messuhren und Tischfüße Mikrometer und Halter Rollbandmaße Schieblehren und Tießmaße Wasserwaagen Winkel Winkelmesser Zirkel Mini-Ringmaulschlüssel Abzieher Automobilwerkzeuge, LKW-Werkzeuge Druckluft- /Akku- /Lichttechnik Werkstattwagen, Betriebseinrichtung Zangen Zollwerkzeuge Abgasanlage/Lambdasonde Antriebswellen Auto-Elektrik Glühkerzen Kolbenring Automobilwerkzeuge, LKW-Werkzeuge Automobilwerkzeuge, LKW-Werkzeuge Zollwerkzeuge Automobilwerkzeuge, LKW-Werkzeuge Automobilwerkzeuge, LKW-Werkzeuge Automobilwerkzeuge, LKW-Werkzeuge Automobilwerkzeuge, LKW-Werkzeuge Automobilwerkzeuge, LKW-Werkzeuge Automobilwerkzeuge, LKW-Werkzeuge Abzieher Ringmaulschlüssel TRIPLEplus Umschalt-Ringmaulschlüssel Automobilwerkzeuge, LKW-Werkzeuge Sanitärwerkzeuge, Bauwerkzeuge Biegen & Bördeln Brennen & Löten Entgrater Gewindebearbeitung Kälte-Klima-Schlüssel Kunststoffrohrbearbeitung Rohrabschneider Rohrreinigung Rohrweiten Sanitärmontage Schornsteinwerkzeug Schraubstcke & Wasserwaagen Schraubstöcke & Wasserwaagen Schweissen Zangen Automobilwerkzeuge, LKW-Werkzeuge VDE-Werkzeuge, Messwerkzeuge, Feinmechanik Automobilwerkzeuge, LKW-Werkzeuge Automobilwerkzeuge, LKW-Werkzeuge Abbrechmesser Drahtbürsten Feilen Handsägen Lochsägen Messer Säbelsägeblätter Schaber Scheren Stichsägenblätter Trennscheiben Universal-Abzieher 3-armig 1/2 Zoll Handschlagschruabendreher 1/4 Zoll Ratschen-Schraubendreher Doppelklingen Ergotorque Ergotorque max Ergotorque plus Feinmechanik PH PZ Schlitz Schraubendreher-Sätze Stecknuss-Schraubendreher TX TX mit Bohrung VDE Zubehör Automobilwerkzeuge, LKW-Werkzeuge Automobilwerkzeuge. LKW-Werkzeuge Automobilwerkzeuge, LKW-Werkzeuge VDE-Werkzeuge, Messwerkzeuge, Feinmechanik VDE-Werkzeuge, Messwerkzeuge, Feinmechanik Abisolierzangen Flachrundzangen Flachzangen Kombinationszangen Seitenschneider Vornschneider Zangen-Sätze Automobilwerkzeuge, LKW-Werkzeuge Automobilwerkzeuge, LKW-Werkzeuge Sanitärwerkzeuge, Bauwerkzeuge Schraubendreher Schraubendreher, Bits, Winkelstiftschlüssel Werkstattwagen, Betriebseinrichtung Hammer/Meißel/Durchtreiber Ultimate precision Drehmomentschlüssel-Werkzeugesätze Automobilwerkzeuge, LKW-Werkzeuge Radnaben-Abzieher Universal-Abzieher 3-armig 1/2 Programm 1/4 Programm 3/8 Programm Abisolierwerkzeug Arbeitsschutz Elektro-Isolierband Hämmer Kabelscheren Kunststoffzangen / Klammern LED-Lampe Locheisen Messer Pinsel Pinzetten / Spiegel Sägen Schaltschrankschlüssel Scheren Schlüssel Schraubendreher Spannungsprüfer Spreizkeil Tüllen Werkzeugsortimente Zangen VDE-Werkzeug VDE-Werkzeuge, Messwerkzeuge, Feinmechanik Aufbewahrungssysteme Basicline Werkstattwagen Basicline Werkstattwagen-Sätze Masterline Werkstattwagen Masterline Werkstattwagen-Sätze Masterline Zubehör Systemeinlagen Ultimateline Werkstattwagen Ultimateline Werkstattwagen-Sätze Ultimateline Zubehör 3-Wege-Schlüssel Basic Innensechskant Basic Kugelkopf-Innensechskant Chrom plus Klapphalter Classic Fünfstern Classic Innensechskant Classic Kugelkopf-Innensechskant Classic Ribe Classic TX Classic TX mit Bohrung Classic Vielzahn (XZN) ERGOTORQUEplus T-Griff-Stiftschlüssel Automobilwerkzeuge, LKW-Werkzeuge Betonbohrer Blechschälbohrer Frässtifte Gewindeschneidwerkzeuge Kegel- und Entgratsenker Schraublochstanzen Spezialbohrer Spiralbohrer Stufenbohrer Zubehör Automobilwerkzeuge, LKW-Werkzeuge Sie haben noch keine Artikel in Ihrem Warenkorb. E-Mail Passwort Anmelden Konto erstellen Passwort vergessen? ","title":"EKeSys GmbH - Erich Krupp elektronische Systeme GmbH - Platten-Fliesen-Diverse","desc":null,"details":{"length":11641,"language":"de","date":"2014/10/31 16:18:35","type":"application/xhtml+xml","country":""},"crawling":{"duration":"1","date":"2014/10/31 16:18:35"},"metas":[{"name":"robots","value":"index,follow"},{"name":"language","value":"de"},{"name":"date","value":""},{"name":"keywords","value":"keywords,kommagetrennt"}],"uri":{"protocol":"http","domain":"de.ekesys.","url":"http://ekesys.de/index.php?cat=c1928_platten-fliesen-diverse-platten-fliesen-diverse.html"}}},{"_index":"de_content_201410","_type":"resourceQ","_id":"http://http.www.fahrradmonteur.de/index.php?oldid=9453&title=agresti","_score":1.0, "_source" : {"body":"    Fahrradtechnik  Fahrradtechnik  Formelsammlung  Speichenrechner  Gewinde am Fahrrad  Fahrrad einstellen  Kettenschaltung einstellen  Einspeichen und Zentrieren  Hilfe mein Fahrrad knackt  Werkzeug  Rahmenwerkzeug  Kettenpflege  Sattelpflege  Plaste und Elaste  Allgemein  Berufsbild  Fahrradgeschichte  Fahrradtypen  Fahrradqualität  Mythen und Legenden      Wundersattel      Fahrradpflege      Sattelpflege      Kettenpflege      Kettenmontage      Reifenbreite und Rollwiderstand      Vollgummireifen      Fahrradbremsen  Fahrradversicherung  Entscheidungshilfe Fahrradkauf  Fahrradvermietung  Systemvergleich Rohloff Speedhub 500/14 vs. Shimano Alfine SG-S700  Fahrradzeichnung von Leonardo da Vinci  Hersteller  Herstellerübersicht  International  Europa  Asien  Amerika  Afrika  Ozeanien  Eigenmarken      neuen Hersteller anlegen  Touren  Radreisen  Touren  Barnim  Mauerradweg Berlin  Rund um den Werbellinsee  Niederfinow - Polen - Niederfinow  Oderbruchtour - Niederfinow  Rundfahrt Wolletzsee  Niederfinow - Polen - Niederfinow  Treidelweg  Franzosenbunker  Bergbauden im Riesengebirge  Chungking Mansions  Fotografie  Fotografieren unterwegs mit dem Fahrrad  Solmeta N3 Testfahrt  Objektivcodes  Photoshop  Diva vor der Kamera  Suppenhuhn - Superzoom  Abu Dhabi  Hongkong      Panorama in Hongkong      Chungking Mansions  50mm als Herausforderung  System  Letzte Änderungen  Abmelden  Anmelden  Mehrere Dateien hochladen  Spezialseiten  Statistik  Version  Beliebteste Seiten  Einstellungen  Administration von Semantic MediaWiki  Eine Klasse erstellen  Kontakt  Impressum  Warum das Ganze?  Fehler melden  Google+ Agresti Aus Fahrradmonteur Version vom 28. August 2013, 20:53 Uhr von Ralf Roletschek ( Diskussion | BeitrÃ¤ge) ( Unterschied) â†� NÃ¤chstÃ¤ltere Version | Aktuelle Version (Unterschied) | NÃ¤chstjÃ¼ngere Version â†’ (Unterschied) Wechseln zu: Navigation, Suche Agresti Land Deutschland   Deutschland Bild Sitz D- Marke {{{Marke}}} Eigenmarke {{{Eigenmarke}}} Vertrieb {{{Vertrieb}}} StraÃŸe {{{StraÃŸe}}} Telefon (+49) Fax (+49) Mail info@ URIs der Form â€žinfo@â€œ sind nicht zulÃ¤ssig. Website http://www. URIs der Form â€žinfo@â€œ sind nicht zulÃ¤ssig.     Mit Formular bearbeiten Vorlage:Infobox Unternehmen/Wartung/Pflichtparameter fehlt URIs der Form â€žinfo@â€œ sind nicht zulÃ¤ssig. Text folgt Deutsche Fahrradmarken semantischer Aufruf: ACT-Bikes    AT Zweirad    AT-Conception    Additive    Adlerwerke    Agent Bikes    Agresti    Aiolos    Akkurad    Allright    Alutech    Anker-Werke    Anthro Tec    Anthrotech    BMW    Barellia    Bavaria    Bellini    Bergamont    Bergmeister    Bergwerk    Bernds    Bikespace    Bionicon    Biria    Bismarckwerk    Black Imperator    Boomer    Brennabor    BrÃ¼gelmann    Bulls    BÃ¶ttcher    C 14    Cab-Bike    Campus    Canyon Bicycles    Capic    Carver    Cats    Chaka    Checker Pig    Cheetah    Cito-Fahrradwerke    Cocoon    Contoura    Conway    Corona-Werke    Corratec    Cube    Cycle Craft    Cycles Maximus    Cyclewolf    Da Vinci    Dalliegerad    Derby Cycle    Diamant Fahrradwerke    Dragonfly    Draisin    DrÃ¶ssiger    Duo-Trike    Dynamics    DÃ¼ll    DÃ¼rkopp    Easy Rider    Egon Rahe    Elfa    Endorfin    Enik    Epple    Ernst Kleinebenne    Fahrrad- und Metallwerke L. Bauer & Co.    Fahrrad-XXL.de    Falk    Falke & Co.    Falkenjagd    Falter    Feldmeier    Ferrotec GmbH    Fischer    Fleiner    Focus    Geier Werke    Germatec    Ghost    Gudereit    GÃ¶ricke    HP Velotechnik    Haibike    Hardo Wagner    Hawk    Idworx    Kalkhoff    Katoen Natie    Kynast    MAXX    MIG    Magura    McKenzie    Miele    Mifa    Mondello    MÃ¼sing    NSU-Rubin    Nicolai    NÃ¶ll    Opel    Ortler    Ostrad    PUKY    Panther Fahrradwerke    Pegasus    Pepper    Prophete    Rabeneick    Real    Riese und MÃ¼ller    Rixe    Rose    Rotor    Rotwild    Santa Cruz    Schauff    Serious    Staiger (Unternehmen)    Steppenwolf    Storck Bicycle    SÃ¼ddeutsche Automobil-Fabrik Gaggenau    Taki    Tecnobike    Traffic GmbH    Trek    Trenga De    TÃ¤ve    Univega    Utopia    VSF Fahrradmanufaktur    Vaterland    Veleon    Velo de Ville    Veloheld    Velonom    Vermont    Vortex    Wanderer    Winora    Wirth    Yazoo    ZEG    ZÃ¼ndapp    Von â€ž http://http.www.fahrradmonteur.de/index.php?title=Agresti&oldid=9453â€œ Kategorie: Fahrradmarke NavigationsmenÃ¼ Meine Werkzeuge Anmelden NamensrÃ¤ume Seite Diskussion Varianten Ansichten Lesen Mit Formular bearbeiten Bearbeiten Versionsgeschichte Aktionen Suche Drucken/exportieren Buch erstellen Als PDF herunterladen Druckversion Werkzeuge Links auf diese Seite Ã„nderungen an verlinkten Seiten Spezialseiten Permanenter Link Seiteninformationen Attribute anzeigen Seite zitieren Diese Seite wurde zuletzt am 28. August 2013 um 20:53 Uhr geÃ¤ndert. Gesamtaufrufe bisher: 1.340 Datenschutz Ãœber Fahrradmonteur Impressum Mobile Ansicht ","title":"Agresti â€“ Fahrradmonteur","desc":null,"details":{"length":4912,"language":"de","date":"2014/10/31 16:18:36","type":"text/html","country":""},"crawling":{"duration":"1","date":"2014/10/31 16:18:36"},"metas":[{"name":"generator","value":"MediaWiki 1.22.6"},{"name":"robots","value":"noindex,nofollow"},{"name":"ResourceLoaderDynamicStyles","value":""}],"uri":{"protocol":"http","domain":"de.fahrradmonteur.www.http.","url":"http://http.www.fahrradmonteur.de/index.php?oldid=9453&title=agresti"}}},{"_index":"de_content_201410","_type":"resourceQ","_id":"http://fsv-forum.de/forum/index.php?boardid=10&page=board&pageno=44&s=5daa16081e6e1225ae67338c45fec4af891933ca","_score":1.0, "_source" : {"body":" Sie sind nicht angemeldet. Anmelden Registrieren Ungelesene Beiträge Unbeantwortete Themen Themen der letzten 24 Stunden Erweiterte Suche FSV-Forum.de Home Suche Forum Mitglieder FSV-Forum.de » FSV Frankfurt » FSV Frankfurt - 1. & 2. Mannschaft Lieber Besucher, herzlich willkommen bei: FSV-Forum.de. Falls dies Ihr erster Besuch auf dieser Seite ist, lesen Sie sich bitte die Hilfe durch. Dort wird Ihnen die Bedienung dieser Seite näher erläutert. Darüber hinaus sollten Sie sich registrieren, um alle Funktionen dieser Seite nutzen zu können. Benutzen Sie das Registrierungsformular, um sich zu registrieren oder informieren Sie sich ausführlich über den Registrierungsvorgang. Falls Sie sich bereits zu einem früheren Zeitpunkt registriert haben, können Sie sich hier anmelden. 1 … 2 4 6 8 10 12 14 16 18 20 22 24 26 28 30 32 34 36 38 40 42 43 44 45 46 … 47 48 49 Thema erstellen Ankündigungen und wichtige Themen Thema Antworten Zugriffe Letzte Antwort Neues Forum ist Online - ein paar Hinweise! Von Norman (20. September 2010, 10:30) 0 2 134 keine Antwort Wichtige Ankündigung: Einführung von Captchas! Von Blueaeroplane (30. März 2008, 16:37) 1 2 912 Von Christoph Jeschke (31. März 2008, 11:30) Threadordnung Von Blueaeroplane (16. August 2007, 23:00) 0 1 380 keine Antwort Themen Thema Antworten Zugriffe Letzte Antwort Bornheim : Stuttgarter Kickers Von de bernemerbub (7. Mai 2008, 11:53) 14 101 Von Blueaeroplane (13. Mai 2008, 10:20) FSV-Keeper Klandt rettet einen Punkt gegen Stuttgarter Kickers Von Micha (10. Mai 2008, 16:51) 0 25 keine Antwort Nach dem Spiel in Unterhaching Von Blueaeroplane (6. Mai 2008, 20:47) 10 77 Von de bernemerbub (7. Mai 2008, 15:03) Spvgg Bobfahrer : Bornheim Von de bernemerbub (5. Mai 2008, 14:03) 14 66 Von de bernemerbub (7. Mai 2008, 14:49) Ingolstadt - Aalen: 1,0 oder 2? Von Tartan Army (7. Mai 2008, 09:02) 2 64 Von FSV-Tommy (7. Mai 2008, 10:19) ausm live-ticker der offiziellen homepage: Von argus (6. Mai 2008, 19:19) 1 61 Von Fan (6. Mai 2008, 23:19) Die Presseschau startet schon dienstags.... Von Tartan Army (6. Mai 2008, 22:29) 0 34 keine Antwort Liveticker aus Unterhaching 1 2 3 Von Liveticker (6. Mai 2008, 18:44) 45 370 Von Liveticker (6. Mai 2008, 20:49) Die grosse Montags-Presseschau Von Tartan Army (5. Mai 2008, 08:41) 1 53 Von Tartan Army (5. Mai 2008, 08:42) Nach dem Spiel bei den VfB Stuttgart Amateuren Von Blueaeroplane (2. Mai 2008, 20:24) 10 83 Von Tartan Army (4. Mai 2008, 14:48) Liveticker aus Stuttgart! 1 2 Von Liveticker (2. Mai 2008, 18:19) 34 366 Von Liveticker (2. Mai 2008, 20:23) Vor dem Spiel bei den VfB Stuttgart Amateuren Von Blueaeroplane (2. Mai 2008, 11:58) 0 41 keine Antwort Focus meldet: Thomas Ernst soll Kuntz als Bochum-Manager beerben Von Eimi (30. April 2008, 12:19) 2 65 Von Tartan Army (30. April 2008, 20:12) Nach dem Spiel gegen die \"kleinen\" Löwen Von Blueaeroplane (26. April 2008, 16:15) 10 143 Von @Stadionsprecher FSV (30. April 2008, 09:19) Vor dem Spiel gegen die \"kleinen\" Löwen Von Blueaeroplane (25. April 2008, 16:51) 3 63 Von Fan (26. April 2008, 12:08) Presse zu den laufenden Planungen Von Blueaeroplane (25. April 2008, 17:15) 0 85 keine Antwort Happy Birthday T.Oral Von de bernemerbub (24. April 2008, 13:54) 1 56 Von gast (25. April 2008, 11:15) HR Heimspiel 21.4.08 Von Onkel Otto (23. April 2008, 15:04) 0 48 keine Antwort Liveticker Von Tartan Army (23. April 2008, 09:57) 1 45 Von Eimi (23. April 2008, 13:55) Nach dem Spiel in Reutlingen 1 2 Von Blueaeroplane (19. April 2008, 16:07) 21 266 Von de bernemerbub (23. April 2008, 13:53) 1 … 2 4 6 8 10 12 14 16 18 20 22 24 26 28 30 32 34 36 38 40 42 43 44 45 46 … 47 48 49 Thema erstellen Sortierung & Filterung Sortierung nach Präfix Titel Dateianhänge Umfragen Autor Erstem Beitrag Antworten Zugriffe Letztem Beitrag in aufsteigender Reihenfolge in absteigender Reihenfolge Im Zeitraum der letzten 24 Stunden der letzten 3 Tage der letzten 7 Tage der letzten 14 Tage der letzten 30 Tage der letzten 60 Tage der letzten 100 Tage der letzten 365 Tage von Anfang an Status geschlossen offen Zurzeit sind neben Ihnen 3 Benutzer in diesem Forum unterwegs: 3 Besucher Statistik: 983 Themen - 22 296 Beiträge (8,87 Beiträge pro Tag) Forum als gelesen markieren Bitte wählen: ----------------------- FSV Frankfurt      FSV Frankfurt - 1. & 2. Mannschaft      FSV Frankfurt - Verein Fußball Allgemein      1. und 2. Liga      3. Liga, Regionalligen und Oberligen      International      Frauenfußball      Sonstiger Fußball/Sonstiges Fußball-Satire      Druckers kleine Fußballwelt Hilfe Impressum Nutzungsbestimmungen Stil ändern WoltLab Basic WoltLab Blue Sunrise Freitag, 4. Juli 2014, 08:55 Zum Seitenanfang Forensoftware: Burning Board® 3.1.8, entwickelt von WoltLab® GmbH Dauerhaft angemeldet bleiben? ","title":"FSV Frankfurt - 1. & 2. Mannschaft - Seite 44 - FSV-Forum.de","desc":null,"details":{"length":4780,"language":"de","date":"2014/10/31 16:18:35","type":"application/xhtml+xml","country":""},"crawling":{"duration":"1","date":"2014/10/31 16:18:35"},"metas":[{"name":"description","value":""},{"name":"keywords","value":""}],"uri":{"protocol":"http","domain":"de.fsv-forum.","url":"http://fsv-forum.de/forum/index.php?boardid=10&page=board&pageno=44&s=5daa16081e6e1225ae67338c45fec4af891933ca"}}},{"_index":"de_content_201410","_type":"resourceQ","_id":"http://meva-straps.de/product_info.php?info=p662_20102---20mm-uhrenband---rindleder-hellbraun-bedruckt-.html&xtcsid=528f3310caf74cd68ca13bce1bbfeb94","_score":1.0, "_source" : {"body":" Startseite » Bänder 20mm » 20102 Ihr Konto | Warenkorb | Kasse Kategorien   Bänder 20mm   Bänder 22mm   Bänder 24mm   Bänder 26mm   Bänder 28mm   Schließen 20mm   Schließen 22mm   Schließen 24mm   Schließen 26mm   Schließen 28mm   Werkzeug, Pflege & Zubehör   Sonderanfertigungen   Unsere Bildergalerie Suche Erweiterte Suche » Mehr über... Unsere AGB Impressum Widerrufsrecht Informationen Versandkosten Datenschutz Kontakt Sitemap Bewertungen Bewerten Sie diesen Artikel! Neue Artikel 22412 - 22mm Uhrenband \"für TAG HEUER FORMULA 1\" 129,00 EUR incl. 19 % UST exkl.   [<<Erstes] [<zurück] [weiter>] [Letztes>>] 30 Artikel in dieser Kategorie 20102 - 20mm Uhrenband \"'Rindleder hellbraun bedruckt\" 119,00 EUR incl. 19 % UST exkl. Art.Nr.: 20102 Artikeldatenblatt drucken Lieferzeit: 1-4 Tage Handgefertigtes Uhrenband, hergestellt aus hellbraunem Rindleder incl. satinierter PRE-V Schließe. Das Band wurde mit alten Buchdruckstempeln au s dem 18. Jhdt. bedruckt, die Innenseite ist für einen hohen Tragekomfort in weichem Leder gearbeitet. Alle MEVA-Bänder werden standardmäßig mit Tubes und Schliesse geliefert, die Schliesse kann von Ihnen frei gewählt werden (Bitte bei der Bestellung angeben).  Breite:  20 / 20mm  Länge:  132 / 80mm  Material:  Rindleder  Farbe:  hellbraun  Stärke:  3,0mm Warenkorb Sie haben noch keine Artikel in Ihrem Warenkorb. Willkommen zurück!   eMail-Adresse: Passwort: Passwort vergessen? Newsletter Anmeldung   eMail-Adresse Kundengruppe   Kundengruppe: Gast Sprachen         eCommerce Engine © 2006 xt:Commerce Shopsoftware","title":"MEVA - Handgemachte Uhrenarmbänder -  20102 - 20mm Uhrenband \"'Rindleder hellbraun bedruckt\" 20102","desc":null,"details":{"length":1558,"language":"de","date":"2014/10/31 16:18:36","type":"text/html","country":""},"crawling":{"duration":"1","date":"2014/10/31 16:18:36"},"metas":[{"name":"generator","value":"(c) by xt:Commerce v3.0.4 SP2.1 , http://www.xt-commerce.com"},{"name":"robots","value":"index,follow"},{"name":"language","value":"de"},{"name":"author","value":""},{"name":"publisher","value":""},{"name":"company","value":""},{"name":"page-topic","value":"shopping"},{"name":"reply-to","value":"xx@xx.com"},{"name":"distribution","value":"global"},{"name":"revisit-after","value":"14"},{"name":"description","value":""},{"name":"keywords","value":""}],"uri":{"protocol":"http","domain":"de.meva-straps.","url":"http://meva-straps.de/product_info.php?info=p662_20102---20mm-uhrenband---rindleder-hellbraun-bedruckt-.html&xtcsid=528f3310caf74cd68ca13bce1bbfeb94"}}},{"_index":"de_content_201410","_type":"resourceQ","_id":"http://abtshop.de/kueche/hjh/kai/magu/microplane/[50+to+100]/","_score":1.0, "_source" : {"body":" KONTAKT FACEBOOK TAVOLA Onlineshop Über abt Blog Kochschule Telefonhotline Telefonhotline Ihr direkter Draht zu uns: Filialen Ulm: 0731 163 0 Ravensburg: 0751 355 0 588 Günzburg: 08221 930 670 Bitte beachten Sie unsere Öffnungszeiten der Filialen Onlineshop Tel: 0731 163 333 Mail: kundenbetreuung@abtshop.de zum Kontaktformular Servicezeiten Onlineshop Mo.-Fr.  9.00 bis 16:00 Uhr Newsletter Kontakt Anmelden E-Mail:* Passwort:* Eingeloggt bleiben Anmelden Passwort vergessen? Registrieren Warenkorb Warenkorb 0 Artikel 0,00 €* Kategorien Küche Haushalt Tischkultur Stil & Flair Spielewelt Kinder Heim & Garten Hobby Kochen Kochtöpfe Pfannen Schnellkochtöpfe Spezialkochgeschirr Küchenhelfer Wender & Kochlöffel Reiben & Hobeln Messen & Wiegen Scheren Pressen mehr ... Besteck Bestecksets Besteckeinzelteile Kinderbesteck Servierbesteck Gewürzmühlen elektrische Gewürzmühlen befüllte Gewürzmühlen unbefüllte Gewürzmühlen Salz- & Pfefferstreuer Gewürze Backen Backformen Trendbacken Kinderbacken Transportieren Saisonbacken mehr ... Aufbewahren & Sortieren Vorratsdosen Einmachgläser Folien & Beutel Kunststoffgeschirr Brotkästen mehr ... Küchenmaschinen handbetriebene Küchenmaschine Küchenwaagen elektrische Küchenmaschinen Elektrokleingeräte Eierkocher Entsafter Kaffeemühlen Mixer Pressen mehr ... Kaffee & Tee Kaffeevollautomaten Filterkaffeemaschinen Kaffeepadmaschinen Espressomaschinen Espressokannen&Kaffeebereiter mehr ... Grillen Elektrogrill Gasgrill Holzkohlegrill Grillzubehör Grillbesteck mehr ... Tipps & Tricks Bücher MARKEN Jura Silit Rösle WMF Auerhahn Küchenprofi Cilio Zassenhaus Bodum Bialetti Wüsthof Le Creuset Kaiser Alfi Birkmann DeLonghi Graef GSD Kenwood Kitchen Aid Krups Petra abt-Welten abtjournal Nordic Design Sauberes Zuhause Bodenreinigung Fensterreinigung Badreinigung Reinigungszubehör Bürsten & Besen mehr ... Wäschepflege Bügelstationen Bügeleisen- & Tische Wäsche trocknen Zubehör Wäschepflege Kleiderbügel MARKEN Braun Leifheit Laura Star abt-Welten abtjournal Nordic Design Geschirr-Sets Kaffeeservice Tafelservice Komplett-Sets Starter-Sets Frühstück-Sets mehr ... Glas Trinkgläser Glasfiguren & -objekte Teelichter Servierglas Tischdekorationen Tischdecken & -läufer Platzsets Servietten Kerzen & Kerzenständer sonstige Tischdeko Besteck Bestecksets Besteckeinzelteile Kinderbesteck Servierbesteck Helfer am Tisch MARKEN Schott Zwiesel Iittala Leonardo Auerhahn Rosenthal Eva Solo abt-Welten abtjournal Nordic Design Dekorationen Kunstblumen Wohnwelt Skandinavisch Landhaus Modern Sitzkissen & Sitzsäcke Lampen & Leuchten mehr ... Raumdüfte Auf Reisen Schlafmasken Kulturtaschen Sonstiges Taschen & Lederartikel Handtaschen Einkaufstaschen- & Körbe Einkaufsshopper Rucksäcke Geldbörsen mehr ... Schmuck Design Design Küche Design Tisch Design Outdoor Silber Besteck Bilderrahmen Tischaccesoires Kerzenständer Licht mehr ... Feuerstellen Indoor & Outdoor Wanddekoration Bilder Schilder Wandteppiche Geschenkartikel Saisonal weitere Geschenkartikel Souvenirs Gesundheit & Wellness Rasierer & Bartschneider Pediküre & Maniküre Epilierer Haarschneider Haarstyling mehr ... Zeit & Klima Wanduhren, Wecker Thermometer Befeuchten & Entfeuchten Heizen Ventilatoren Bar & Wein Bar- & Weinaccessoires MARKEN Blomus Swarovski Alessi Eva Solo Möve ASA abt-Welten abtjournal Nordic Design Kleinkindartikel Plüsch- & Stoffartikel Kunstoffartikel Holzartikel Spieluhren Plüsch/Puppen Plüschspieltiere Plüschsammeltiere Spielpuppen Sammlerpupen Puppenwagen mehr ... Spielewelten Rollenspiel Gesellschaftsspiele Kartenspiele Puzzlespiele Brio Holzeisenbahnwelt mehr ... Bücher/Medien Kinderbücher Musik MC / CD & Geräte Kindermusikinstrumente Kinderlesebücher Kinderkochbücher mehr ... Lernen Lernbrettspiele Lernhefte & Lüksystem Autos/Modelle Metallautos(Siku & Hot Wheels) Kunststoffautos Holzautos RC Autos Rennbahnen Bauen/Spielen Experimentieren Baukästen Handwerker Basteln & Malen Kneten & Gestalten Trendy Coppenrath Kleine Monster Pippi Grüffelo Sylvanians Families Sammelfigu sonstige Trendartikel Jahreszeit Sand- & Wasserartikel Freizeit- & Sportartikel Schlitten/Bobs Großfahrzeuge Spiele Familien-und Erwachsenenspiele Kinderspiele Lern- & Logikspiele Lifestyle-Spiele Strategiespiele mehr ... MARKEN Huch & friends PLAYMOBIL Käthe Kruse Brio Fischertechnik Haba Schleich Steiff abt-Welten   Nordic Design   abtjournal Kinder am Tisch Kindergeschirr Kinderbesteck Kindergarten & Vorschule Taschen & Geldbeutel Versperdosen & Trinkflaschen Regenschirme, Uhren u. Wecker Reisetrolleys & Rucksäcke Kinderaccessoires Kinderschmuck weitere Kinderaccessoires Pflege Waagen Babykostwärmer Kirschkernkissen Kinderwärmflaschen Kindergeburtstag Kindertextilien Baby- & Kleinkindbekleidung MARKEN abt-Welten abtjournal Nordic Design Heimwerken Dübel Schrauben & Nägel Haken Ketten & Zubehör Drahtgeflecht mehr ... Sicherheit & Beschläge Baubeschläge Sicherheitsbeschläge & Tresore Hängeschlösser Briefkästen Schlüssel & Profilzylinder mehr ... Farben & Kleber Anstrichmittel Sprühfarben Malerwerkzeug Klebstoff & Klebeband Werkzeuge Werkzeuge Modellbauwerkzeuge Elektrowerkzeuge Akkuwerkzeuge Sanitär Technisches Sanitär Badeaccessoires Gartenmöbel Liegestühle Hängematten Lounge-Möbel- & Sitzgruppen Sonnenschirme&Zubehör Schöner Garten Gartenaccessoires Picknick Fackeln Teppiche Pflanzenkübel & -töpfe Gartenarbeit Gartengestaltung Boden- & Rasenbearbeitung Bewässern Gartenwerkzeug Arbeitskleidung Garten MARKEN Amazonas Blomus Linum abt-Welten abtjournal Nordic Desig Basteln Bastelfarben Deko- & Klebefolien Seife gießen Kerzen gießen & gestalten Basteln & Gestalten Blumenshop Seidenblumen Steckgefäße Korbwaren Formen & Gestalten Gießen Modellieren Gießformen Fimo Ton mehr ... Künstlerbedarf Aquarellmalerei Ölmalerei Acrylmalerei Stifte Mal- & Hilfsmittel mehr ... Stoffmaltechniken Schmuck & Perlen Papiere & Papierbearbeitung Bastelpapier Briefpapiere & Zubehör Papeterie MARKEN Arzberg Swarovski Rayher abt-Welten abtjournal Nordic Design zurück | Start» Küche Küche Kochen Küchenhelfer Besteck Gewürzmühlen Backen Aufbewahren & Sortieren Küchenmaschinen Elektrokleingeräte Kaffee & Tee Grillen Tipps & Tricks Bücher Preis (EUR) Preis EUR bis 25 (2062) 25 bis 50 (829) 50 bis 100 (537) 100 bis 250 (329) 250 bis 500 (89) Mehr ... mehr als 500 (79) Hersteller Adelheid (1) Alessi (123) Alfi (125) Asa (72) Ascaso (2) Auerhahn (67) Authentics (5) Beurer (2) Bialetti (7) Birkmann (22) Blomus (9) Bodum (55) Bosch Hausgeräte (8) Brainstream (1) Braun (1) Braun Haushalt (13) Brita (4) Caffe NEW YORK (3) Christian Verlag (19) Cilio (121) Cloer (15) Contento (6) DeLonghi (8) DeLonghi-Nespresso (8) Dibbern (5) Donkey Products (20) Dr. Oetker (176) EK-Servicegroup (3) ESGE (2) Eva Solo (15) Fein (1) Fiskars (1) Fürstenberg Porzellanmanufaktur (1) G U (176) GSD (35) Gautzsch (1) Gefu (2) Gmundner (2) Graef (6) Grossag (4) Güde (1) HJH (2) Hädecke (2) Herbaria (28) Hutschenreuther (7) ISI (2) Illy (5) Jähn (9) Jakob Jensen (3) Jameson& Tailor (1) Jupiter (20) Jura (24) KPM (3) Kahla (14) Kai (16) Kaiser (22) Kenwood (26) KitchenAid (36) Krups (6) Krups-Nespresso (6) Küchenprofi (87) LeCreuset (42) Leifheit (26) Leonardo (3) Lurch (4) Mäder Kaffee (5) Magu (2) Maria Sole (7) Marimekko (11) Melitta (29) Menu (3) Mepal-Rosti (22) Meyer-Mayor (1) Microplane (29) Mono (1) Moulinex (5) Muuto (11) Novis (1) Outdoorchef (26) Petra (3) Peugeot (8) Philips (1) PiP (36) Proxxon (1) Pylones (5) Reisenthel (1) Rice (2) Ritzenhoff (27) Römertopf (2) Rösle (223) Rommelsbacher (26) Rosenthal (1) Rosenthal classic (2) Schott (2) Sigikid (4) Silberburg (1) Silit (308) Soehnle (16) Sowden (2) Spätzle Shaker (6) Spring (37) Städter (17) Stelton (16) Stöckli (32) Südwest Presse (1) Table dÓr (1) Tefal (1) Thomas (12) UWO (1) Unold (9) VacuVin (5) Victorinox (20) Villeroy & Boch (28) Vitamix (5) WMF (513) Wader (1) Weber (168) Wesco (22) Westmark (4) Wik (5) Wüsthof (231) Zassenhaus (159) Zyliss (15) abt (2) hawos (2) iittala (3) Stil-Optik Klassik (2) Modern (18) Farbe Pflegehinweise Spühlmaschinengeeignet (3) Altersempfehlung 6 bis 99 Jahre (1) Einzelteile 10 (1) 12 (3) 140 (1) 2 (6) 3 (6) 30 (24) 4 (25) 5 (2) 6 (13) 68 (3) Serie Accessoire (6) Altera (2) Altera matt (2) Augsburger Faden (1) Carve (1) Evo (1) Farmily (2) Farmily geprägt (1) Gusseisen (34) Ice Bear (1) Junior (1) Junior matt (3) Kahla Elixyr weiss (2) Kahla Five Senses weiss (5) Kahla Pronto limone (2) Kahla Pronto orange (1) Kahla Pronto petrol (1) Kahla Pronto rosa (1) Kahla Pronto rot (1) Kahla Pronto weiß 2. Wahl (1) Kai Shun (2) Kai Tim Mälzer Edition (4) Kaiserflex Red (3) Kenwood kMix (12) Kinderbesteck neutral (1) Knuff matt (1) Knuff poliert (1) Krups Premium (9) Kyocera (8) La Forme Plus (7) La Forme Select (1) Lafer (10) Maria Theresia weiß (7) Maria weiß 1. Wahl (2) Patisserie (6) Pirat Paddy (1) Poterie (3) Prinzessin Anneli (1) Pure (2) Rösle Barbecue BBQ (39) Silit Accento (7) Silit Allegro (4) Silit Aluguss (1) Silit Basic Line (21) Silit Bräter (3) Silit Cool (1) Silit Diavolo (4) Silit Diavolo ER (2) Silit Durado (10) Silit Edelstahl (8) Silit Edelstahl Deckel (2) Silit Energy Red (4) Silit Glas-Deckel (12) Silit Küchenschüsseln-Seiher-Siebe (2) Silit Küchenwerkzeuge (44) Silit Kunststoff-Edelstahl (8) Silit Kurzzeitmesser (5) Silit Nobile (1) Silit Piano Black (1) Silit Polar White (1) Silit Professional (12) Silit Scheren (3) Silit Schneidebretter (5) Silit Sicomatic-Gummiring (2) Silit Silargan (5) Silit Silikon (2) Silit Spezialbestecke (2) Silit Studio (5) Silit Style (13) Silit Tempera (4) Silit Toscana (1) Silit Vision (7) Silit Zubehör Bräter (1) Silit Zubehör Mühlen (1) Silit Zubehör Sicomatic (12) Silit Zubehör Töpfe (2) Silitstahl (1) Silk (8) Sino (1) Smile (1) Spring Arosa (1) Spring Basic (1) Spring Cristal (2) Spring Eco (2) Spring Feuerzangenbowle (1) Spring Finesse (1) Spring Fondue (3) Spring Grips (2) Spring Mouse (1) Spring Pizza Raclette6 (2) Spring Raclette 8 (5) Spring Raclette2+ (5) Spring Vulcano Ceramic (3) Spring Vulcano Classic (6) Spring Zermatt (1) Swing (1) Tisch und Party (2) Trend weiß 1. Wahl (12) V&B Alt Luxemburg (2) V&B Anmut (1) V&B French Garden (2) V&B New Wave (8) V&B New Wave Caffe (6) V&B Twist Alea (1) V&B Wildrose (4) Velvet (1) Vitamix (7) Vitto (6) Wüsthof Classic (36) Wüsthof Classic Ikon (21) Wüsthof Gourmet (20) Wüsthof Grand Prix II (12) Wüsthof Ikon (11) Wüsthof Silverpoint (12) Wüsthof Xline (5) Material Aluminium (38) Baumwolle (1) Carbonstahl (1) Edelstahl (119) Edelstahl glänzend (4) Edelstahl matt (36) Emaille (1) Glas (5) Granit (2) Gusseisen (7) Holz (47) Keramik (11) Kunststoff (56) Plastik (2) Porzellan (23) Silargan (18) Stahl (1) Ton (1) Leistung (W) 1200 W (1) 1450 W (8) 1600 W (2) 300 W (1) Thema Angebot der Woche (1) Deftig (6) Feuer und Flamme (9) Gesund (5) Kochen (4) Nordic Design (9) Ostern 2014 (1) Souveniers (3) Vegan (66) abtjournal (63) abtjournal Dezember 13 (58) abtjournal Mai 14 (62) abtjournal Nov 2013 (111) Höhe 0,4cm (1) Breite 8cm (1) Länge 22cm (1) Gewicht 0,9 kg (1) . SEITEN: 1 2 3 4 5 55 SORTIEREN NACH: Wählen Titel Titel Preis Preis Leifheit Gelee-Glas 1/4L 1,79 € 1,50 € * Sofort verfügbar. In den Warenkorb Feuer & Flamme 2014 2,95 € * Sofort verfügbar. In den Warenkorb Cilio Snack-Marker Set 8 Stück 11,95 € 7,99 € * Sofort verfügbar. In den Warenkorb Claris White Filterpatrone (Impressa) 0.92 kg 12,99 € * Sofort verfügbar. In den Warenkorb Küchenprofi flexible Grillspieße , 2er Set 11,95 € * Sofort verfügbar. In den Warenkorb Weber Grillbürste dreiseitig 30 cm 12,99 € * Sofort verfügbar. In den Warenkorb WMF Marmeladetrichter 16,95 € 9,95 € * Sofort verfügbar. In den Warenkorb GSD Universal-Gemüsehobel 24,99 € 19,99 € * Sofort verfügbar. In den Warenkorb Spätzlesbrett mit Schaber Ulmer Spatz 6,99 € * Sofort verfügbar. In den Warenkorb Küchenprofi Fisch-Grillzange, klein 19,95 € * Sofort verfügbar. In den Warenkorb Spätzle-Shaker - Das Kochbuch 9,99 € * Sofort verfügbar. In den Warenkorb Zassenhaus Käsemesser-Set bunt, 4-teilig 19,95 € 11,95 € * Sofort verfügbar. In den Warenkorb Claris Blue Filterpatrone (ENA) 92 kg 12,99 € * Sofort verfügbar. In den Warenkorb Küchenprofi Maiskolbenhalter, 4er Set 7,95 € * Sofort verfügbar. In den Warenkorb Silit, Gummiring 22 cm zu Sicomatic 14,50 € * Sofort verfügbar. In den Warenkorb Magu Pfitzaufform Backbraun 2,99 € * Sofort verfügbar. In den Warenkorb WMF Microwelleneierkocher Mc Micro 9,95 € * Sofort verfügbar. In den Warenkorb Güde Universalmesser 15,99 € * Sofort verfügbar. In den Warenkorb Brita Maxtra 3+1 19,99 € 17,99 € * Sofort verfügbar. In den Warenkorb Reinigungstabletten 34 kg 8,49 € * Sofort verfügbar. In den Warenkorb Thomas Sunny Day Suppenteller, weiss, 23cm 11,00 € 8,00 € * Sofort verfügbar. In den Warenkorb Cilio Nussknacker Knacki exklusive 19,95 € 14,95 € * Sofort verfügbar. In den Warenkorb Einkochglas 1/2L 2,49 € * Sofort verfügbar. In den Warenkorb Arbeitsventil z.Sico-D/T/L/SN/S 7,95 € * Sofort verfügbar. In den Warenkorb SEITEN: 1 2 3 4 5 55 Alles für Ihre Küche – auf abtshop.de finden Im Onlineshop von Abt finden Sie ein umfangreiches Sortiment für Ihre Küche. Ob Kochen, Backen, Grillen oder Zubehör: hier werden Sie fündig. Hochwertige Markenprodukte von namenhaften Herstellern stellen hier Ihre neuen Artikel für Ihre Küche zur Verfügung. Kochen Sie demnächst mit Stil und Flair und lernen Sie außergewöhnliche Produkte kennen. Töpfe und Pfannen mit besonderen Beschichtungen erleichtern Ihnen die Arbeit beim Aufspülen und wenden unnötiges anbrennen am Boden ab. Küchenhelfer brauchen Sie immer in Ihrer Küche. Ohne Pfannenwender, Sieb, und Co kocht es sich ganz schlecht. Auch edle Backformen und Bücher mit tollen Rezepten werden Ihnen hier geboten. Auf Elektrokleingeräte darf nicht verzichtet werden. Die Geräte werten Ihre Küche auf und bestechen durch ein zeitloses Design und langer Haltbarkeit. Die Artikel rund um Gewürzmühlen, Küchenmaschinen, Tee und Kaffee, als auch das Aufbewahren und Sortieren in Ihrer Küche, runden das große Sortiment ab. Lassen Sie sich von der Vielfältigkeit inspirieren und stöbern Sie in Ruhe durch das reichhaltige Angebot. Werden Sie zum Profi: mit exklusiven Produkten für Ihre Küche Schneiden, Messen, Rühren, Wenden, Hobeln, Braten und noch vieles mehr, ist möglich mit den Markenprodukten aus dem abtshop.de. Finden Sie das perfekte Zubehör zu Ihrer Küche oder verschenken Sie tolle Sets. Abt ist als Haushaltswarenspezialist ein echter Experte auf diesem Gebiet. Die hochwertigen Artikel für Ihre Küche entsprechen Ihren hohen Erwartungen und erfüllen jede Anforderung. Machen Sie sich eine Freude und werden Sie zum Profi in Ihrer Küche. Mit den tollen Produkten von Abt steht Ihnen nichts mehr im Weg. Bestellen Sie gleich Produkte für Ihre Küche und überzeugen Sie sich vom hohen Standard und Qualität!    Versand und Kosten Versandkosten für Ihre Einkäufe bei abtshop.de Deutschland - Versand und Lieferung Innerhalb Deutschlands versenden wir Ihre bestellte Ware ab einem Warenwert von € 25,- versandkostenfrei.* Darunter berechnen wir Ihnen pro Bestellung € 4,95 für den Versand innerhalb Deutschlands.* Österreich - Versand und Lieferung Für Auslandslieferungen nach Österreich versenden wir Ihre bestellte Ware ab einem Warenwert von € 99,- versandkostenfrei.* Darunter berechnen wir Ihnen pro Bestellung € 9,90.* * Versand von Sperrgütern Ausgenommen von dieser Regelung ist der Versand von Sperrgütern (wie z.B. bestimmte Grills, Möbel usw). Hier berechnen wir einen Sperrgutzuschlag von 50,-€. Vor Versand von Sperrgütern nehmen wir nochmals Kontakt mit Ihnen auf und klären den Versand mit Ihnen ab. Bei weiteren Fragen stehen wir Ihnen gerne zur Verfügung:E-Mail: kundenbetreuung@abtshop.de Telefon: +49 731 163 333 Ihr Team von der abtshop.de-Kundenbetreuung * inkl. MwSt., zzgl. Versandkosten Service & Info Service & Info Kontakt Kundenservice Mein Konto Versand und Kosten Widerrufsrecht Datenschutz AGB Impressum Über abt Über abt Öffnungszeiten Filialen & Standorte Kochschule TAVOLA Kochkurse Hochzeitstisch Termine Unternehmen Jobs & Karriere Blog Blog Top Themen Trend-Thema:Vegan Rezepte & Tipps Angebote & Aktionen     Shopbewertung Öffnungszeiten in Ulm Mo.- Fr. 09:00 - 19:00 Uhr Sa. 09:00 - 18:00 Uhr Social Media Social Media Newsletter abt Facebook TAVOLA Facebook Versandpartner © 2014 Carl Abt GmbH & Co. KG ","title":"Günstiges für Ihre Küche - auf abtshop.de | günstig bei abtshop.de ","desc":"Alles für Ihre Küche in großer Auswahl von renommierten Herstellern im Onlineshop von Abt.","details":{"length":16366,"language":"de","date":"2014/10/31 16:18:36","type":"text/html","country":""},"crawling":{"duration":"1","date":"2014/10/31 16:18:36"},"metas":[{"name":"viewport","value":"width=device-width"},{"name":"description","value":"Alles für Ihre Küche in großer Auswahl von renommierten Herstellern im Onlineshop von Abt."},{"name":"keywords","value":"Küche, Küchenhelfer, Kochtopf, Pfannen, Besteck, Vorratsdosen, Elektrokelingeräte, Küchenmaschinen, Backen"}],"uri":{"protocol":"http","domain":"de.abtshop.","url":"http://abtshop.de/kueche/hjh/kai/magu/microplane/[50+to+100]/"}}},{"_index":"de_content_201410","_type":"resourceQ","_id":"http://glyphen.de/projects/hosted/rollenspielverein/forum/viewtopic.php?p=146423&sid=5ce429a80963b456d09da47d99f00d7d","_score":1.0, "_source" : {"body":" Rollenspielverein Biberach e.V. Palaver - Verein für Rollenspiel Trete der Gemeinschaft bei! Anmelden    Registrieren Kalender FAQ     Suche Aktuelle Zeit: Fr Jul 04, 2014 7:57 Unbeantwortete Themen | Aktive Themen Foren-Übersicht » Allgemeines » Archiv Alle Zeiten sind UTC + 1 Stunde [ Sommerzeit ] Palaver Weihnachtsfeier Reloaded oder was? Alter! Moderatoren: Vereinsvorstand, Vereinsausschüsse    Seite 1 von 1  [ 15 Beiträge ]    Druckansicht Vorheriges Thema | Nächstes Thema  Wollt ihr eine Weihnachtsfeier? (ohne Spielrunden...) Umfrage endete am Mi Dez 19, 2012 12:33 Nö, das ist alles blöd, ich will das was wir jeden Donnerstag machen.  10%  [ 1 ] JA, die Palaver Weihnachtsfeier muss wieder her!  70%  [ 7 ] Ja, und ich werde sogar im Weihnachtsmannteam mitarbeiten!  20%  [ 2 ] Abstimmungen insgesamt : 10 Autor Nachricht Haplo   Betreff des Beitrags: Palaver Weihnachtsfeier Reloaded oder was? Alter! Verfasst: Mi Dez 05, 2012 12:33  Priester Registriert: Fr Jul 26, 2002 11:39 Beiträge: 6973 Wohnort: Biberach Realname: Philipp Hermann Charaktername: Bernhard Scheible Weihnachten steht an und damit auch die Zeit der Weihnachtsfeiern. Letztes Jahr wurden Stimmen laut die lieber auf eine richtig Feier mit Programm (wie dem legendären Kekscthulhu, dem Weihnachtshasen, Captain Future oder dem untoten Weihnachtsmann) verzichten und Brettspiele bevorzugen. Da das Vorbereiten von Programm Arbeit ist, das alte Weihnachtsmannteam in Rente gegangen ist und ich das nicht machen will wenn der Bedarf nicht da ist, hier die Umfrage dazu _________________ Wenn Kyle nicht dabei ist kann den anderen eh nicht viel passieren Nach oben       Aranel   Betreff des Beitrags: Re: Palaver Weihnachtsfeier Reloaded oder was? Alter! Verfasst: So Dez 09, 2012 12:30  Illuminatus regens Registriert: Mo Jul 19, 2004 20:29 Beiträge: 2019 Wohnort: Waldsee Realname: Sven Ich fände eine Weihnachtsfeier schön. An der Abstimmung kann ich mich nicht beteiligen, weil meine Variante nicht dabei ist. Damit nicht auch der Verein vom Vorweihnachtsstress erfasst wird, bin ich für ein entspanntes Feiern. Jeder, der Lust hat bringt was weihnachtliches mit. Außer etwas Essbarem hätte ich auch eine Vorlesegeschichte in petto. _________________ Wie sie neue Formen annehmen Sommerwolken steigen träge Hoch über den Hügeln. Tachibana Inan Nach oben       Viurkint   Betreff des Beitrags: Re: Palaver Weihnachtsfeier Reloaded oder was? Alter! Verfasst: So Dez 09, 2012 20:58  Illuminatus minor Registriert: So Sep 23, 2012 21:49 Beiträge: 164 Wohnort: Ravensburg Realname: Andrea Fischer Charaktername: Emilia Morrison Fände eine Weihnachtsfeier schön, kann auch gerne bei den Vorbereitungen helfen. _________________ Der Geist des Menschen ist kein Gefäß, das gefüllt, sondern ein Feuer, das entfacht werden muss. (Plutarch) Nach oben       Mo   Betreff des Beitrags: Re: Palaver Weihnachtsfeier Reloaded oder was? Alter! Verfasst: Di Dez 11, 2012 15:43  Meister Registriert: Fr Dez 21, 2007 9:05 Beiträge: 952 Wohnort: Biberach Realname: Simone Hmmm, meine passende Antwort ist nicht dabei. Ich kann im Moment einfach noch nicht sagen, ob ich nächste Woche gerne feiern möchte oder doch eher ned den Nerv dafür hab... _________________ Kann man sich tagsüber nur dann richtig entfalten, wenn man morgens zerknittert aufwacht? Dann hätte ich jeden Tag ein enormes Entfaltungspotential! De omnibus dubitare (Descartes) Nach oben       DonJohnny   Betreff des Beitrags: Re: Palaver Weihnachtsfeier Reloaded oder was? Alter! Verfasst: Di Dez 11, 2012 15:57  Magus Registriert: So Sep 15, 2002 13:11 Beiträge: 15643 Wohnort: Bad Waldsee Realname: - Bin leider nicht da an der Weihnachtsfeier. _________________ Brat Nach oben       nette   Betreff des Beitrags: Re: Palaver Weihnachtsfeier Reloaded oder was? Alter! Verfasst: Di Dez 11, 2012 16:33  Priester Registriert: Mi Apr 02, 2008 21:38 Beiträge: 5942 Wohnort: Wilder Süden Realname: Annette Ich werde mit Euch nicht Weihnachten feiern. Mir ist das zu viel. Aber ich such noch weiter Musik raus. _________________ “Wenn wir ganz und gar aufgehört haben, Kinder zu sein, dann sind wir schon tot.” Michael Ende, “Momo” Nach oben       Ade04   Betreff des Beitrags: Re: Palaver Weihnachtsfeier Reloaded oder was? Alter! Verfasst: Di Dez 11, 2012 18:31  Meister Registriert: Mo Feb 15, 2010 12:34 Beiträge: 1192 Wohnort: Maselheim Realname: Adrian Beyer Charaktername: Konstantin Crane Bin wahrscheinlich leider ebenfalls nicht anwesend. _________________ \"Wanting to be someone else is a waste of the person you are.\" - Kurt Cobain Nach oben       Haplo   Betreff des Beitrags: Re: Palaver Weihnachtsfeier Reloaded oder was? Alter! Verfasst: So Dez 16, 2012 15:36  Priester Registriert: Fr Jul 26, 2002 11:39 Beiträge: 6973 Wohnort: Biberach Realname: Philipp Hermann Charaktername: Bernhard Scheible nachdem ich nächste Woche zu wenig Zeit hab und sich die Freude an einer Palaver Weihnachtsfeier doch in Grenzen hält werde ich ein bischen Glühwein und Punsch besorgen (und mich freuen wenn es kein Minusgeschäfft wird), wäre schön wenn dann noch jemand Lebkuchen o.Ä. beorgen könnte _________________ Wenn Kyle nicht dabei ist kann den anderen eh nicht viel passieren Nach oben       Magnetklaue   Betreff des Beitrags: Re: Palaver Weihnachtsfeier Reloaded oder was? Alter! Verfasst: So Dez 16, 2012 15:38  Illuminatus regens Registriert: Sa Mär 06, 2004 16:54 Beiträge: 3988 Wohnort: Biberach Realname: Anja Ich hab hier noch vier Flaschen Glühwein rumstehen, die kann man gern haben. Ich trink den sicher nicht... _________________ \"Life is a pile of good things and bad things. The good things don’t always cancel out the bad things, but vice versa, the bad things don’t spoil the good things and make them unimportant.\" (Vincent and the Doctor) Nach oben       Haplo   Betreff des Beitrags: Re: Palaver Weihnachtsfeier Reloaded oder was? Alter! Verfasst: So Dez 16, 2012 15:40  Priester Registriert: Fr Jul 26, 2002 11:39 Beiträge: 6973 Wohnort: Biberach Realname: Philipp Hermann Charaktername: Bernhard Scheible cool, danke _________________ Wenn Kyle nicht dabei ist kann den anderen eh nicht viel passieren Nach oben       Aranel   Betreff des Beitrags: Re: Palaver Weihnachtsfeier Reloaded oder was? Alter! Verfasst: Mo Dez 17, 2012 18:24  Illuminatus regens Registriert: Mo Jul 19, 2004 20:29 Beiträge: 2019 Wohnort: Waldsee Realname: Sven Lebkuchen bring ich gerne mit. _________________ Wie sie neue Formen annehmen Sommerwolken steigen träge Hoch über den Hügeln. Tachibana Inan Nach oben       Klein-Marina   Betreff des Beitrags: Re: Palaver Weihnachtsfeier Reloaded oder was? Alter! Verfasst: Di Dez 18, 2012 9:55  Meister Registriert: Mo Nov 23, 2009 11:16 Beiträge: 1159 Wohnort: Biberach Realname: Marina Charaktername: Levana Braig Sam und ich backen wahrscheinlich heute noch Lebkuchen, die könnten wir auch mitbringen. Ich komme aber erst spät, da vorher noch in der Firma Weihnachtsfeier ist. _________________ Gäbe es die letzte Minute nicht, so würde niemals etwas fertig. (Mark Twain) Nach oben       Haplo   Betreff des Beitrags: Re: Palaver Weihnachtsfeier Reloaded oder was? Alter! Verfasst: Fr Dez 21, 2012 0:09  Priester Registriert: Fr Jul 26, 2002 11:39 Beiträge: 6973 Wohnort: Biberach Realname: Philipp Hermann Charaktername: Bernhard Scheible damit kann auch die Weihnachtsfeier ins Archiv. Vielen Dank Heidi für die Geschichten _________________ Wenn Kyle nicht dabei ist kann den anderen eh nicht viel passieren Nach oben       Tranton   Betreff des Beitrags: Re: Palaver Weihnachtsfeier Reloaded oder was? Alter! Verfasst: Fr Dez 21, 2012 10:55  Priester Registriert: Sa Jan 10, 2004 12:21 Beiträge: 7253 Wohnort: Laupheim Realname: Mirko Trautwein Blöd, bin zuhause auf dem Sofa eingeschlafen... _________________ Palaver Termine: 29.05. - 01.06.2014 - Frühjahrshütte Nach oben       Aranel   Betreff des Beitrags: Re: Palaver Weihnachtsfeier Reloaded oder was? Alter! Verfasst: Fr Dez 21, 2012 19:33  Illuminatus regens Registriert: Mo Jul 19, 2004 20:29 Beiträge: 2019 Wohnort: Waldsee Realname: Sven Es war schön, mal wieder den Märchenonkel zu geben. _________________ Wie sie neue Formen annehmen Sommerwolken steigen träge Hoch über den Hügeln. Tachibana Inan Nach oben       Beiträge der letzten Zeit anzeigen: Alle Beiträge 1 Tag 7 Tage 2 Wochen 1 Monat 3 Monate 6 Monate 1 Jahr  Sortiere nach Autor Erstellungsdatum Betreff Aufsteigend Absteigend     Seite 1 von 1  [ 15 Beiträge ]  Foren-Übersicht » Allgemeines » Archiv Alle Zeiten sind UTC + 1 Stunde [ Sommerzeit ] Wer ist online? Mitglieder in diesem Forum: 0 Mitglieder und 1 Gast Sie dürfen keine neuen Themen in diesem Forum erstellen. Sie dürfen keine Antworten zu Themen in diesem Forum erstellen. Sie dürfen Ihre Beiträge in diesem Forum nicht ändern. Sie dürfen Ihre Beiträge in diesem Forum nicht löschen. Sie dürfen keine Dateianhänge in diesem Forum erstellen. Suche nach: Gehe zu:  Wählen Sie ein Forum aus ------------------ Verein    Informationen über den Verein    Termine    Palaver-Bibiothek Pen&Paper    Spielrunden    Rollenspiel allgemein    Rollenspielsysteme       (A)D&D       Cthulhu       Deadlands       DSA - Das schwarze Auge       Earthdawn       Engel       Midgard       Seelenstein       Star Wars       Vampire, Magus, Nephilim & Co.       Sonstige Rollenspiele    Brettspiele LARP    LARP Allgemein Tabletop    Spieltermine    WHFB    WH40K    Basteln und Bemalen    Bestellungen    Bitz Börse    Hintergrund    Sonstige Tabletops Allgemeines    Off-Topic-Palaver    Test Forum    Bearbeitungsungssperre    Archiv  POWERED_BY Deutsche Übersetzung durch phpBB.de ","title":"Rollenspielverein Biberach e.V. Palaver - Verein für Rollenspiel • Thema anzeigen - Palaver Weihnachtsfeier Reloaded oder was? Alter!","desc":null,"details":{"length":9641,"language":"de","date":"2014/10/31 16:18:36","type":"application/xhtml+xml","country":""},"crawling":{"duration":"1","date":"2014/10/31 16:18:36"},"metas":[{"name":"resource-type","value":"document"},{"name":"distribution","value":"global"},{"name":"keywords","value":""},{"name":"description","value":""}],"uri":{"protocol":"http","domain":"de.glyphen.","url":"http://glyphen.de/projects/hosted/rollenspielverein/forum/viewtopic.php?p=146423&sid=5ce429a80963b456d09da47d99f00d7d"}}},{"_index":"de_content_201410","_type":"resourceQ","_id":"http://bellingham.de/fruit/loom/baseball/shirt/b0017kj0ye.html","_score":1.0, "_source" : {"body":" Fruit of the Loom Baseball T-Shirt   Lesen Sie mehr... Rezensionen ansehen... Kundenrezensionen: 3.  Günstig und Super 2.  Schönes Shirt 1.  Das T-Shirt für jede Gelegenheit Alle Kundenrezensionen ansehen...   Angebote zu Fruit,  Loom,  Baseball ab 1 Euro! Siehe auch folgende Artikel: Fruit of the Loom Ringer T-Shirt Fruit of the Loom Baseball Langarm ( Longsl... Ringer T-Shirt von Fruit of the Loom S M L... Shortsleeve Baseball T-Shirt von Fruit of t... Baseball ( Raglan ) Hoodie von Fruit of the... Fruit of the Loom Heavy Cotton T-Shirt in v... Home ...,     Angebote ansehen ...,     Begleitseite ... Herausgeber dieser Seite ist DomainLoc.com GmbH - Partner von Amazon.de Der Domainname bellingham.de steht zum Verkauf oder zur Miete! Weitere Informationen finden Sie auf DomainDorado.com ... Copyright © DomainLoc.com GmbH ( Impressum)","title":"Fruit of the Loom Baseball T-Shirt","desc":"Fruit of the Loom Baseball T-Shirt auf bellingham.de","details":{"length":847,"language":"de","date":"2014/10/31 16:18:34","type":"text/html","country":""},"crawling":{"duration":"1","date":"2014/10/31 16:18:34"},"metas":[{"name":"keywords","value":"Fruit,Loom,Baseball,Shirt,Fruit of the Loom Baseball T-Shirt,Buch,DVD,CD,bellingham"},{"name":"description","value":"Fruit of the Loom Baseball T-Shirt auf bellingham.de"},{"name":"ABSTRACT","value":"Fruit of the Loom Baseball T-Shirt auf bellingham.de"},{"name":"page-topic","value":"Fruit of the Loom Baseball T-Shirt"},{"name":"author","value":"DomainLoc.com GmbH"},{"name":"publisher","value":"DomainLoc.com GmbH"},{"name":"copyright","value":"DomainLoc.com GmbH"},{"name":"Content-Language","value":"de"},{"name":"robots","value":"INDEX,FOLLOW"},{"name":"revisit-after","value":"30 days"},{"name":"revisit","value":"After 30 days"},{"name":"audience","value":"all"},{"name":"expires","value":"0"},{"name":"page-type","value":"Kommerzielle Organisation"}],"uri":{"protocol":"http","domain":"de.bellingham.","url":"http://bellingham.de/fruit/loom/baseball/shirt/b0017kj0ye.html"}}},{"_index":"de_content_201410","_type":"resourceQ","_id":"http://kitesurfing-nord.de/index.php?page=taggedobjects&s=0a07144abef29dc9a9de9e46116beda5256d28bc&tagid=152","_score":1.0, "_source" : {"body":" Du bist nicht angemeldet. Anmelden Ungelesene Beiträge Unbeantwortete Themen Themen der letzten 24 Stunden Erweiterte Suche Kitesurfing Nord Forum Forum Kalender Mitglieder Galerie Überblick Kitesurfing Nord Forum » Ergebnisse für »windmesser« Lieber Besucher, herzlich willkommen bei: Kitesurfing Nord Forum. Falls dies dein erster Besuch auf dieser Seite ist, lies bitte die Hilfe durch. Dort wird dir die Bedienung dieser Seite näher erläutert. Darüber hinaus solltest du dich registrieren, um alle Funktionen dieser Seite nutzen zu können. Benutze das Registrierungsformular, um dich zu registrieren oder informiere dich ausführlich über den Registrierungsvorgang. Falls du dich bereits zu einem früheren Zeitpunkt registriert hast, kannst du dich hier anmelden. Themen Themen (1) Thema Antworten Zugriffe Letzte Antwort Verkaufe verschiedenes, kites boards, windmesser Von FabianHamburg (19. April 2011, 15:20) gefunden in: Kitesurfing Corner 0 1 745 keine Antwort Die beliebtesten Tags ABENDSESSION Abenteuer anfänger ausrüstung barnersen (jetzt auf einem Foto dabei!) barnersen (leider nicht auf den Fotos) boards DMI Fehmarn fortgeschritten Frühsession Gollendorf Himmelfahrt HONGKONGFRANK Karibik Kite and Sail Kite- Worldcup KitefreakRene Kiten 2010 Kiten lernen Kitenoobs kites Kitesurfen kitesurfen barcelona kitesurfen spanien Knoten lösen leinen Neo Noobs Saisonabschlusstour Saisonauftakt Saisonauftaktstour Sankt Peter Böhl Sankt Peter Ording Segeln Snowkiten SPO Südafrika Terminvorschau Thorben Urlaub Vorstellungsrunde wakestyle Wellenvorhersage white shark Wind in Sicht ! windmesser Windvorhersage Worldcup www.kitenoobs.de Hilfe Impressum Nutzungsbestimmungen Stil ändern Kitesurfing Nord neu WoltLab Blue Sunrise WoltLab Blue Sunrise WoltLab Blue Sunrise Mittwoch, 2. Juli 2014, 13:00 Zum Seitenanfang Forensoftware: Burning Board®, entwickelt von WoltLab® GmbH Dauerhaft angemeldet bleiben? ","title":"Ergebnisse für »windmesser« - Kitesurfing Nord Forum","desc":"Norddeutsche Kitesurf Community: Wir gehen gemeinsam an der Nord- und Ostsee kiten, lernen unsere Fähigkeiten zu verbessern, organisieren Mitfahrgelegenheiten und tauschen uns über Kitesurf- Material, Tips und Tricks und vieles Mehr aus.","details":{"length":1916,"language":"de","date":"2014/10/31 16:18:35","type":"application/xhtml+xml","country":""},"crawling":{"duration":"1","date":"2014/10/31 16:18:35"},"metas":[{"name":"description","value":"Norddeutsche Kitesurf Community: Wir gehen gemeinsam an der Nord- und Ostsee kiten, lernen unsere Fähigkeiten zu verbessern, organisieren Mitfahrgelegenheiten und tauschen uns über Kitesurf- Material, Tips und Tricks und vieles Mehr aus."},{"name":"keywords","value":"Kitesurfing, Kitesurfen, Forum, Community, Treff, Surfen, Kiten, Kite Forum, gemeinsam Kiten, zusammen Kiten, Kitenoobs, together, Nordsee, Ostsee, Surfschule"}],"uri":{"protocol":"http","domain":"de.kitesurfing-nord.","url":"http://kitesurfing-nord.de/index.php?page=taggedobjects&s=0a07144abef29dc9a9de9e46116beda5256d28bc&tagid=152"}}},{"_index":"de_content_201410","_type":"resourceQ","_id":"http://dreilande.schlauchtrinker.de/forum/viewforum.php?f=7&sid=15969836ed0739b9b8c048f0f74b609c","_score":1.0, "_source" : {"body":" Zum Inhalt Startseite Ändere Schriftgröße FAQ Dreilande Forum Weitere Infos unter www.dreilande.de   Foren-Übersicht Registrieren Anmelden Foren-Übersicht ‹ Veranstaltungen ‹ Kommende Veranstaltungen   Kommende Veranstaltungen Cons auf die wir fahren wollen. Neues Thema erstellen 33 Themen • Seite 1 von 2 • 1 , 2 Bekanntmachungen Antworten Zugriffe Letzter Beitrag Hintergrund - Feststellungsaktion von Sire Gordin » Do 1. Sep 2011, 19:57 2 Antworten 4462 Zugriffe Letzter Beitrag von Sire Gordin Fr 9. Dez 2011, 17:25 Neue Veranstaltungen eintragen: Hinweise von Sire Gordin » Mi 14. Jan 2009, 14:33 0 Antworten 534 Zugriffe Letzter Beitrag von Sire Gordin Mi 14. Jan 2009, 14:33 Themen Antworten Zugriffe Letzter Beitrag Derduwath 3.3 von Tjark » Mi 22. Jan 2014, 11:36 3 Antworten 413 Zugriffe Letzter Beitrag von de kleene knapje So 9. Mär 2014, 21:44 Conquest 2014 von Fastilus » Fr 23. Aug 2013, 09:17 4 Antworten 369 Zugriffe Letzter Beitrag von de kleene knapje So 9. Mär 2014, 21:43 Epic Empires 2014 von Tjark » Mo 16. Dez 2013, 10:34 1 Antworten 129 Zugriffe Letzter Beitrag von Tjark Mo 20. Jan 2014, 09:41 27.-29.09.. Bucktopia Endzeit-Larp-Festival in Magdeburg von Tjark » Mi 28. Aug 2013, 18:14 0 Antworten 377 Zugriffe Letzter Beitrag von Tjark Mi 28. Aug 2013, 18:14 Mythodea 2013 1 , 2 , 3 , 4von Tjark » Mo 20. Aug 2012, 18:37 35 Antworten 2219 Zugriffe Letzter Beitrag von Kiki Mo 5. Aug 2013, 13:34 31.08. Zum taumelnden Biest - Die Tavernenolympiade von Fistus » Mi 3. Jul 2013, 13:27 0 Antworten 137 Zugriffe Letzter Beitrag von Fistus Mi 3. Jul 2013, 13:27 Weitere Endzeit-Cons von Tjark » Mi 29. Mai 2013, 16:29 0 Antworten 235 Zugriffe Letzter Beitrag von Tjark Mi 29. Mai 2013, 16:29 Ambiente/Manöver: Phoenixwater, 17.5. - 20.5. von Thanatos » Di 30. Apr 2013, 23:49 2 Antworten 332 Zugriffe Letzter Beitrag von Thanatos Mi 22. Mai 2013, 11:00 Eretum - Himmelfahrt 2013 1 , 2von de kleene knapje » Mi 2. Jan 2013, 12:08 10 Antworten 732 Zugriffe Letzter Beitrag von de kleene knapje Fr 3. Mai 2013, 12:29 Jenseits der Siegel 08.-12.05. Himmelfahrt von Tjark » Mi 3. Apr 2013, 10:17 0 Antworten 150 Zugriffe Letzter Beitrag von Tjark Mi 3. Apr 2013, 10:17 16. Juni Wildpark Schwarze Berge von Fulko » Mi 13. Mär 2013, 08:06 0 Antworten 166 Zugriffe Letzter Beitrag von Fulko Mi 13. Mär 2013, 08:06 Optionale Cons 2013 1 , 2von Fastilus » Do 3. Jan 2013, 11:18 10 Antworten 687 Zugriffe Letzter Beitrag von Thanatos Fr 25. Jan 2013, 18:50 Im Grenzland - valarisch/nordmarkischer Con 16.-18.11.2012 1 , 2von Peter » So 7. Okt 2012, 09:58 10 Antworten 1030 Zugriffe Letzter Beitrag von de kleene knapje Mi 24. Okt 2012, 19:08 Pegasus-Orga Ecke Eckernförde von Fulko » Fr 27. Jul 2012, 19:47 9 Antworten 729 Zugriffe Letzter Beitrag von Fulko Mi 19. Sep 2012, 21:27 NSC auf dem Port Ventus 11.10.-14.10 von Tjark » Di 18. Sep 2012, 17:30 0 Antworten 227 Zugriffe Letzter Beitrag von Tjark Di 18. Sep 2012, 17:30 Taumelndes Biest, 1.September 2012 1 , 2 , 3von Tjark » Do 31. Mai 2012, 14:59 20 Antworten 1333 Zugriffe Letzter Beitrag von Sire Gordin Do 30. Aug 2012, 17:02 Mythodea 2012 1 ... 4 , 5 , 6 von Fulko » Mi 17. Aug 2011, 18:02 50 Antworten 3268 Zugriffe Letzter Beitrag von Fastilus Mo 30. Jul 2012, 10:11 Coming 2012 - Derduwath3 - \"Das siebte Schwert\" 1 , 2von Wismerhill » Mi 13. Jul 2011, 10:36 18 Antworten 1822 Zugriffe Letzter Beitrag von Kiki Fr 10. Feb 2012, 13:28 JdS - Ein Mythodea-Ableger zu Himmelfahrt 2012 von Sarah von Eskaroth » Di 31. Jan 2012, 09:22 2 Antworten 394 Zugriffe Letzter Beitrag von Fulko Do 2. Feb 2012, 18:13 Caldrea Tiamael 3 29.09-03.10.2011 1 ... 5 , 6 , 7von Tjark » Mi 1. Sep 2010, 11:26 69 Antworten 5256 Zugriffe Letzter Beitrag von Fulko Mo 26. Sep 2011, 20:54 Taumelndes Biest 3 - 3 September 2011 1 , 2von Peter » Di 30. Aug 2011, 15:59 11 Antworten 925 Zugriffe Letzter Beitrag von Sire Gordin Fr 2. Sep 2011, 09:13 CoM´11 Eleonora Veranstaltung von Kiki » Di 21. Jun 2011, 18:25 9 Antworten 881 Zugriffe Letzter Beitrag von de kleene knapje Di 2. Aug 2011, 09:39 CoM ´11 1 ... 6 , 7 , 8von Jolene » Do 9. Dez 2010, 05:38 76 Antworten 4960 Zugriffe Letzter Beitrag von de kleene knapje Di 2. Aug 2011, 09:38 CoM´11 Organisatorisches 1 , 2 , 3 , 4von Kiki » Di 21. Jun 2011, 18:21 30 Antworten 2070 Zugriffe Letzter Beitrag von Sire Gordin Mo 1. Aug 2011, 11:07 für Schnellentschlossene im Juni: Larhgos wilder Süden 1 , 2 , 3von Sarah von Eskaroth » Mi 6. Apr 2011, 21:04 23 Antworten 2135 Zugriffe Letzter Beitrag von Julius L-G Mi 1. Jun 2011, 09:51 Nächste Themen der letzten Zeit anzeigen: Alle Themen 1 Tag 7 Tage 2 Wochen 1 Monat 3 Monate 6 Monate 1 Jahr Sortiere nach Autor Erstellungsdatum Antworten Betreff Zugriffe Aufsteigend Absteigend Neues Thema erstellen 33 Themen • Seite 1 von 2 • 1 , 2 Zurück zu Foren-Übersicht Gehe zu: Wähle ein Forum aus ------------------ Allgemeines    Website/Forum    Off-Topic Veranstaltungen    Kommende Veranstaltungen    Vergangene Veranstaltungen Dreilande - Veranstaltungen    Kommende Dreilande-Veranstaltungen    Vergangene Dreilande-Veranstaltungen    Wandercon Extra-Forum LARP allgemein    Diskussion über LARP    Bastelanleitungen Wer ist online? Mitglieder in diesem Forum: 0 Mitglieder und 1 Gast Berechtigungen in diesem Forum Du darfst keine neuen Themen in diesem Forum erstellen. Du darfst keine Antworten zu Themen in diesem Forum erstellen. Du darfst deine Beiträge in diesem Forum nicht ändern. Du darfst deine Beiträge in diesem Forum nicht löschen. Du darfst keine Dateianhänge in diesem Forum erstellen. Foren-Übersicht Alle Cookies des Boards löschen • Alle Zeiten sind UTC + 1 Stunde Protected by Anti-Spam ACP Das Team • Deutsche Übersetzung durch phpBB.de phpBB © 2000, 2002, 2005, 2007 phpBB Group Weitere Infos unter www.dreilande.de Nach oben ","title":"Dreilande Forum • Forum anzeigen - Kommende Veranstaltungen","desc":null,"details":{"length":5798,"language":"de","date":"2014/10/31 16:18:36","type":"application/xhtml+xml","country":""},"crawling":{"duration":"1","date":"2014/10/31 16:18:36"},"metas":[{"name":"resource-type","value":"document"},{"name":"distribution","value":"global"},{"name":"copyright","value":"2000, 2002, 2005, 2007 phpBB Group"},{"name":"keywords","value":""},{"name":"description","value":""}],"uri":{"protocol":"http","domain":"de.schlauchtrinker.dreilande.","url":"http://dreilande.schlauchtrinker.de/forum/viewforum.php?f=7&sid=15969836ed0739b9b8c048f0f74b609c"}}},{"_index":"de_content_201410","_type":"resourceQ","_id":"http://farmtastisch.de/mitglieder/goodpupil/album/picture/9735/","_score":1.0, "_source" : {"body":" Home Farmsuche Zufallsfarm Contest Hall of Fame Erfolge Mitglieder Gruppen FAQ Chat goodpupil Gerade Offline aktiv vor 17 Stunden, 40 Minuten Profil Meine Farm AktivitÃ¤t Freunde 246 Gruppen 59 Ausstellung Museum Archiv Zufallsfarm goodpupils Bilder Der Wurm… Der Wurm Farm hat bereits 0 Sonderpunkte (0 diese Woche) erhalten. Bewertung Farm ist derzeit nicht bewertbar. Bitte beachtet unsere Regeln! Erfolge Infos Hochgeladen am 29.03.2013 Farm: Wilde Wiese Bild in voller Größe anzeigen Beschreibung: Erkennt ihr den Weizen-Wurm? gras Nur ganz schlecht, ich hole mal eben eine Lupe. vor 1 Jahr, 3 Monaten sunny vor 1 Jahr, 3 Monaten cup000 Ã¤hm… vor 1 Jahr, 3 Monaten muckel6666 vor 1 Jahr, 2 Monaten Anzahl Accounts: 555 - Bilder hochgeladen: 7428 - Farmen im Archiv: 0 - Farmen im Museum: 7380 - Farmen zu bewerten: 48 Diese Woche bewertet: 819 - Insgesamt bewertet: 1731014 - Durchschnittsbewertung: 3.9 Alle Spielgrafiken sind Eigentum von Bigpoint! Copyright © 2014 Farmtastisch – Deine Farmbewertung  ·  Programmierung von PS Internet Regeln | Netiquette | Datenschutz | Kontakt | Impressum Farmtastisch - Deine Farmbewertung Anmelden Registrieren ","title":"goodpupil | Album | Farmtastisch – Deine Farmbewertung","desc":null,"details":{"length":1157,"language":"de","date":"2014/10/31 16:18:37","type":"application/xhtml+xml","country":""},"crawling":{"duration":"1","date":"2014/10/31 16:18:37"},"metas":[{"name":"generator","value":"WordPress 3.5.1"}],"uri":{"protocol":"http","domain":"de.farmtastisch.","url":"http://farmtastisch.de/mitglieder/goodpupil/album/picture/9735/"}}},{"_index":"de_content_201410","_type":"resourceQ","_id":"http://forum.startparadies.de/usercp.php?action=buddy&add=9008&sid=13803cc1c88dbb978917231e1aa89a35","_score":1.0, "_source" : {"body":" Ihnen wird der Zutritt zu dieser Seite verwehrt. Aus einem der folgenden Gründe fehlt Ihnen die Berechtigung, diese Seite zu betreten: Sie sind im Forum nicht angemeldet. Einige Bereiche und Funktionen im Forum sind nur für angemeldete Benutzer zugänglich. Bitte nutzen Sie die Eingabemöglichkeit auf dieser Seite, um sich anzumelden. Falls Sie nicht registriert sind, können Sie dies hier tun. Ihr Benutzeraccount könnte gesperrt worden sein. Melden Sie sich gegebenenfalls ab und kontaktieren den zuständigen Administrator. Es gibt Bereiche im Forum, die bestimmten Benutzern vorbehalten sind. Sie haben möglicherweise versucht einen solchen Bereich zu betreten. Benutzername: Registrierung Passwort: Passwort vergessen Impressum Forensoftware: Burning Board 2.3.6, entwickelt von WoltLab GmbH ","title":"startparadies.de Board | Ihnen wird der Zutritt zu dieser Seite verwehrt.","desc":"Lassen Sie sich von startparadies.de für Ihre Startseite, Paidbanner und Surfbar bezahlen und verdienen Top Zinsen auf Ihre KlammLose!","details":{"length":797,"language":"de","date":"2014/10/31 16:18:33","type":"application/xhtml+xml","country":""},"crawling":{"duration":"1","date":"2014/10/31 16:18:33"},"metas":[{"name":"Title","value":"startparadies.de - Geld für Ihre Startseite, Paidbanner, Surfbar, LoseBank und Bank für alle Internetwährungen!"},{"name":"Description","value":"Lassen Sie sich von startparadies.de für Ihre Startseite, Paidbanner und Surfbar bezahlen und verdienen Top Zinsen auf Ihre KlammLose!"},{"name":"Keywords","value":"startparadies.de für Ihre Startseite, Paidbanner und Surfbar bezahlen und verdienen Top Zinsen auf Ihre KlammLose bei unserer Losebank,gratis, test, windows, new, neu, pay, get paid, startseite,portal,portalseite,börse,wetter,news,shop,shopping,online-shopping,online shopping,sql,mysql,php,php3,php4,werbung,ad,ads,service,nebeneinkommen,mlm"},{"name":"Abstract","value":"Lassen Sie sich von startparadies.de für Ihre Startseite bezahlen und verdienen Top Zinsen auf Klammlose mit unserer Losebank!"},{"name":"page-topic","value":"Bezahlte Startseite"},{"name":"audience","value":" Alle "},{"name":"resource-type","value":"document"},{"name":"revisit-after","value":"10 days"},{"name":"classification","value":"Internet Services"},{"name":"robots","value":"ALL"},{"name":"distribution","value":"Global"},{"name":"rating","value":"General"},{"name":"copyright","value":"(c) internet-total.net"},{"name":"author","value":"internet-total.net"},{"name":"language","value":"de"},{"name":"publisher","value":"startparadies.de"},{"name":"robots","value":"index"},{"name":"robots","value":"follow"},{"name":"robots","value":"all"},{"name":"revisit-after","value":"7 days"}],"uri":{"protocol":"http","domain":"de.startparadies.forum.","url":"http://forum.startparadies.de/usercp.php?action=buddy&add=9008&sid=13803cc1c88dbb978917231e1aa89a35"}}},{"_index":"de_content_201410","_type":"resourceQ","_id":"http://finrisk.de/page.php?k1=ueberuns&k2=geschichte&lang=1&si=539808c8eef67&view=print","_score":1.0, "_source" : {"body":" FinRisk Management GmbH Mainzer Landstraße 50, 6. OG 60325 Frankfurt am Main Fon: +49 (69) 2400 3636 Fax: +49 (69) 2400 7944 FinRisk: ...eine \"längere Geschichte\" FinRisk entstand \"klassisch\" aus einer freiberuflichen Unternehmensberatung. Seit 1999 haben wir bereits über 160 verschiedene Unternehmen und unternehmerisch tätige Privatpersonen beraten und/oder mit Seminaren & Mentoring in ihrer Personal- und Organisationsentwicklung unterstützt. die Optimierung der finanziellen Unternehmensführung im Fokus. Der Branchenentwicklung immer eine Nasenlänge voraus, sind wir seit Jahren Partner für Methoden- & Prozessinnovation. Werfen Sie einen Blick in unsere Geschichte und in unser Bild von der Zukunft!   Quelle: www.finrisk.de Druckdatum: 03.07.2014","title":"FinRisk - FinRisk: ...eine \"längere Geschichte\"","desc":null,"details":{"length":756,"language":"de","date":"2014/10/31 16:18:33","type":"text/html","country":""},"crawling":{"duration":"1","date":"2014/10/31 16:18:33"},"metas":[],"uri":{"protocol":"http","domain":"de.finrisk.","url":"http://finrisk.de/page.php?k1=ueberuns&k2=geschichte&lang=1&si=539808c8eef67&view=print"}}},{"_index":"de_content_201410","_type":"resourceQ","_id":"http://futterkatze.de/shop/wandaquarium-590x325x110mm-tuev-gs-ce-rohs-komplett-xxl-zubehoer-set-nano-aquarium-pumpe-ipx8-norm-leuchte-uvm-2/","_score":1.0, "_source" : {"body":" Ratgeber 0 items / € 0 Checkout Now Katzen Katzenfutter Nassfutter Trockenfutter Leckereien Näpfe und Tränken Katzenbetten Katzenstreu Kratzbaum Hunde Boxen & Tragetaschen Geschirre, Halsbänder & Leinen Hundebekleidung & Zubehör Hundefutter Hütten & Zwinger Leckereien Näpfe, Tränken & Zubehör Spielzeug für Hunde Kleintiere Futter Käfige, Hütten & Höhlen Leckereien & Futterergänzung Näpfe, Tränken Räder & Röhren Spielzeug Streu & Substrate Tragetaschen & Transportzubehör Pferde Halfter & Stricke Pferde Decken Pferde Gebisse Pferde Tränken Pferdefutter Reithelme Reithosen Reitstiefel Sattel Aquaristik Aquarien Aquariendekorationen Aquarium Pflanzen Aquarium Steine Beleuchtung Fischfutter Pumpen & Filter Wildtiere Wildvogelfutter Wildvogeltränken Tragetaschen & Transportzubehör Trockenfutter Vögel Vogel Näpfe, Tränken & Zubehör Vogelfutter Vogelsand Vogelspielzeug Voliere Terraristik Terrarien Home / Aquarien / Produkt Suche  Suche nach: Aquaristik Aquarien Aquariendekorationen Aquarium Pflanzen Aquarium Steine Beleuchtung Fischfutter Pumpen & Filter Bestseller Hunde Boxen & Tragetaschen Geschirre, Halsbänder & Leinen Hundebekleidung & Zubehör Hundefutter Hütten & Zwinger Leckereien Näpfe, Tränken & Zubehör Spielzeug für Hunde Katzen Katzenbetten Katzenfutter Nassfutter Trockenfutter Katzenstreu Katzentoiletten Kratzbaum Leckereien Näpfe und Tränken Kleintiere Futter Käfige, Hütten & Höhlen Leckereien & Futterergänzung Näpfe, Tränken Räder & Röhren Spielzeug Streu & Substrate Tragetaschen & Transportzubehör Pferde Halfter & Stricke Pferde Decken Pferde Gebisse Pferde Tränken Pferdefutter Reithelme Reithosen Reitstiefel Sattel Terraristik Terrarien Vögel Käfige & Zubehör Vogel Näpfe, Tränken & Zubehör Vogelfutter Vogelsand Vogelspielzeug Voliere Wildtiere Insektenhotel Nistkästen & Zubehör Wildvogelfutter Wildvogeltränken Weitere Angebote Kratzbaum Deckenhoch mit 3 Ebenen 240 - 260cm braun Sam´s Pet Kratzbaum Bonnie - Höhe: 130 cm - beige Trixie 43541 Liegemulde für Kratzbaum, Metallrahmen, ø 40 cm, beige Nobby Kratzbaum Motega für Katzen, beige TecTake Luxus Kratzbaum 186cm Sisalstangen komplett mit Sisal überzogen Durchmesser ca. 9cm BEIGE Trixie 43981 Liegemulde für Kratzbaum, o 45 cm, beige Kerbl 82529 Kratzbaum Safari 38 x 38 x 60 cm dunkelbraun mit borte Happypet® CAT015-2 Kratzbaum Katzenbaum deckenhoch 2,30 bis 2,60 hoch Beige Sam´s Pet Kratzbaum Polly - Höhe: 112 cm - grau Kerbl 82528 Kratzbaum Jade Pro Höhe: 96 cm, braun / beige Wandaquarium 590x325x110mm TÜV GS CE ROHS Komplett XXL Zubehör Set Nano Aquarium Pumpe IPX8 Norm Leuchte uvm. Kein Platz für ein Aquarium? Wie wäre es mit einem Wandaquarium von Maxstore?Folgende Größen sind in unserem Sortiment erhältlich:- L 590 x H 325 x B 110 € 59.99 >> zum Anbieter Beschreibung Details Contact Kommentare ToolBox 65 Views 0 Kommentare Angebot drucken Wandaquarium 590x325x110mm TÜV GS CE ROHS Komplett XXL Zubehör Set Nano Aquarium Pumpe IPX8 Norm Leuchte uvm. Kein Platz für ein Aquarium? Wie wäre es mit einem Wandaquarium von Maxstore? Folgende Größen sind in unserem Sortiment erhältlich: - L 590 x H 325 x B 110 mm - L 870 x H 580 x B 110 mm - L 1130 x H 650 x B 110 mm - L 1200 x H 445 x B 110 mm - L 1525 x H 445 B 110 mm - L 2000 x H 445 x B 110 mm - L 590 x H 325 x B 110 mm - Ø 560 x B 187 mm Egal ob Wohnung, Hotel, Büro, Ihr eigener Laden oder eine Arztpraxis, es versprüht ein besonderes Flair und vereint zeitlose Eleganz mit edlem Design. Ihre Freunde und Gäste werden Sie mit Sicherheit beneiden, denn ausgefallen ist die Idee mit Sicherheit. Das beiliegende Zubehör-Set enthält alles um das Wandaquarium sofort in Betrieb nehmen zu können. Lieferumfang: 1 x Aquarium 1 x Pumpe 1 x Hintergrundfolie 1 x Filter 1 x Leuchte (Leuchtstofflampe) Wandbefestigungen + Wandleistenclips und Schrauben 1 x Glasabdeckscheibe 1 x Fischnetz 1 x Greifarm 1 x Saugreiniger 1 x Anleitung - Gesamtmaße: L 590 x H 325 x B 110 mm - Maße Wassertank: L 475 x H 240 x B 91 mm - Material: Aluminium-MDF / Glas - Gewicht: 7,3 kg ( Leergewicht ) - Wasser-Volumen: 7 Liter - Glasdicke: 5mm - inkl. Schwammfilter-Pumpe (erfüllt IPX8 Norm) geeignet für Süßwasser mit TÜV GS, RoHs, CE Kennzeichen - inkl. Leuchte und Leuchtmittel (8 Watt) - Kabellänge 2 m Teilen : Drucken E-Mail Facebook LinkedIn Google Pinterest Category Aquarien Contact Author What is the sum of: Send Message mehr Details >> zum Anbieter Wandaquarium Ø 560xB110 mm TÜV GS CE ROHS Komplett XXL Zubehör Set Nano Aquarium Pumpe IPX8 Norm Leuchte uvm Lieferumfang: 1 x Aquarium1 x Pumpe1 x Hintergrundfolie1 x Filter1 x Leuchte (Leuchtstofflampe)Wandbefestigungen + Wandleistenclips und Schrauben1 x €69.99 mehr Details >> zum Anbieter Tetra 151543 AquaArt Aquarium-Komplett-Set 60 L, modernes Design in Verbindung mit innovativer Technik und einfacher Pflege hochwertiges Glasaquarium (61,5 x 34 x 43 cm), 60 Liter Inhalt 5 mm starkes, verzerrungsfreies Float-Glas mit geschliffenen Kanten stabile Abdeckung mit €89.50 mehr Details >> zum Anbieter Wandaquarium 1525x430x110mm TÜV GS CE ROHS Komplett XXL Zubehör Set Nano Aquarium Pumpe IPX8 Norm Leuchte uvm Kein Platz für ein Aquarium? Wie wäre es mit einem Wandaquarium von Maxstore?Folgende Größen sind in unserem Sortiment erhältlich: - L 590 x H 325 x B 110 €18,999 mehr Details >> zum Anbieter Dennerle 5754 Scaper's Tank Complete Plus Panorama-Aquarium Komplett-Set, 50 L Dennerle Scaper’s Tank Complete Plus 50 Liter – Aquarium Komplett Set- Panorama Aquarium mit besonders beeindruckender Tiefenwirkung- perfekt €269.95 mehr Details >> zum Anbieter Tetra AquaArt Aquarium - Komplett-Set 30L Tetra €79.99 mehr Details >> zum Anbieter Aquarium Komplettset POSEIDON RIVIERA 40 PRO LED Maße: 42×23, 5×33 Kapazität: 22  POSEIDON RIVIERA 40 PRO PRO beinhaltet: • Lampe – Tropical Power-PL 18W + LED • Filter – Black Box €95 mehr Details >> zum Anbieter Tetra AquaArt Crayfish Aquarium-Komplett-Set 30 L, für Krebse und Garnelen mit innovativer Technik und einfacher Pflege hochwertiges Glasaquarium (39,5 x 28 x 43 cm), 30 Liter Inhalt stabile Abdeckung mit langlebiger 8 W T5 Sylvania Leuchtstoffröhre für hervorragende €64.99 mehr Details >> zum Anbieter Aquarium Komplettset für Kinder Wave for Kids Poseidon Riviera 40 Rot - Kein Versand ins Ausland Möglich - No Delivery Abroad  Was ist es? Die neue Wave Serie, entwickelt speziell für Kinder. Kinder lernen ,,spielend’ €66.86 mehr Details >> zum Anbieter Diversa Aquarium 50er komplett Set 50x25x30 cm rechteck schwarz Diversa 50er Komplet-Set, Glasaquarium 50 x 25 x 30 cm (37,5 Liter) Ein günstiges Glasaquarium mit einer soliden Abdeckung mit 11 Watt Energiesparlampe €65.99 mehr Details >> zum Anbieter Aquael komplett Aquarium CLASSIC 100er Set rechteck schwarz 100 x 40 x 50 cm, 200 Liter, modernes Design in Verbindung mit innovativer Technik und einfacher Pflege AquaEL 100er Komplet-Set, Glasaquarium 100 x 40 x 50 cm (200 Liter), rechteck Ein günstiges Glasaquarium mit einer soliden Abdeckung mit 2 x 30 Watt T8 €29,999 mehr Details >> zum Anbieter Aquarium Komplettset für Kinder Wave for Kids Poseidon Riviera 40 Blau - Kein Versand ins Ausland Möglich - No Delivery Abroad  Was ist es? Die neue Wave Serie, entwickelt speziell für Kinder. Kinder lernen ,,spielend’ €65 mehr Details >> zum Anbieter Tetra 239937 AquaArt LED Aquarium-Komplettset, 60 L Tetra AquaArt LED Discovery Line 60 Liter LED Das Tetra AquaArt LED Discovery Line Aquarium erzeugt durch seine LED-Beleuchtung faszinierende Einblicke in €115 Katzen  Katzenbetten Katzenfutter Katzenstreu Katzentoiletten Kratzbaum Leckereien Näpfe und Tränken Hunde  Boxen & Tragetaschen Geschirre, Halsbänder & Leinen Hundebekleidung & Zubehör Hundefutter Hütten & Zwinger Leckereien Näpfe, Tränken & Zubehör Spielzeug für Hunde Terraristik  Terraristik Terrarien Aquaristik  Aquarien Aquariendekorationen Aquarium Pflanzen Aquarium Steine Beleuchtung Fischfutter Pumpen & Filter Wildtiere  Wildvogelfutter Wildvogeltränken Tragetaschen & Transportzubehör Trockenfutter Pferde  Halfter & Stricke Pferde Decken Pferde Gebisse Pferde Tränken Pferdefutter Reithelme Reithosen Reitstiefel Sattel Kleintiere  Futter Käfige, Hütten & Höhlen Leckereien & Futterergänzung Näpfe, Tränken Räder & Röhren Spielzeug Streu & Substrate Vögel  Vögel Vogel Näpfe, Tränken & Zubehör Vogelfutter Vogelsand Vogelspielzeug Voliere Infos  Tierfutter und Tierbedarf *günstig online kaufen* Impressum Datenschutzerklärung Werbung Spartipps  Hundefutter Katzentoiletten Kratzbaum Käfige, Hütten & Höhlen Ratgeber  Der kleine Hase im Weihnachtswald Hab keine Angst, kleiner Hase Englisch mit Elefant und Hase: Let’s play! Reviews Frag doch mal … die Maus! Erstes Sachwissen – Im Wald: Band 1 Briefe von Felix. Ein kleiner Hase auf Weltreise Reviews   Tierfutter und Tierbedarf *günstig online kaufen* Wir suchen für Sie immer die Top Angebote aus dem Internet für Tiernahrung und Tierzubehör. Tolle Angebote, für Hunde, Katzen, Hamster, Kaninchen, Meerschweinchen, Kleintiere. Vogel, Fische, Reptilien und Pferde und noch vieles mehr.   Alle Angebote sind freibleibend und unverbindlich. Wir behalten uns vor Teile der Seiten oder das gesamte Angebot ohne gesonderte Ankündigung zu verändern, zu ergänzen, zu löschen oder die Veröffentlichung zeitweise oder endgültig einzustellen. Inkl. MwSt., ggf. zzgl. Versandkosten - zwischenzeitliche Änderung möglich. Werbung auf futterkatze.de © Copyright 2013 - http://futterkatze.de x Basket Updated Congratulations! Your basket has been updated, what would you like to do now? Continue Shopping Checkout Now An E-Mail-Adresse senden Ihr Name Deine E-Mail-Adresse Abbrechen Beitrag nicht abgeschickt - E-Mail Adresse kontrollieren! E-Mail-Überprüfung fehlgeschlagen, bitte versuche es noch einmal Ihr Blog kann leider keine Beiträge per E-Mail teilen. ","title":"Wandaquarium 590x325x110mm TÜV GS CE ROHS Komplett XXL Zubehör Set Nano Aquarium Pumpe IPX8 Norm Leuchte uvm. « Futterkatze.de Futterkatze.de","desc":"Kein Platz für ein Aquarium? Wie wäre es mit einem Wandaquarium von Maxstore?Folgende Größen sind in unserem Sortiment erhältlich:- L 590 x H 325 x B 110 mm- L 870 x H 580 x B 110 mm- L 1130 x H 650 x B 110 mm- L 1200 x H 445 x B 110 mm- …","details":{"length":9804,"language":"de","date":"2014/10/31 16:18:34","type":"application/xhtml+xml","country":""},"crawling":{"duration":"1","date":"2014/10/31 16:18:34"},"metas":[{"name":"viewport","value":"width=device-width, initial-scale=1.0"},{"name":"og:locale","value":"de_DE"},{"name":"og:type","value":"article"},{"name":"og:title","value":"Wandaquarium 590x325x110mm TÜV GS CE ROHS Komplett XXL Zubehör Set Nano Aquarium Pumpe IPX8 Norm Leuchte uvm. - Futterkatze.de"},{"name":"og:description","value":"Kein Platz für ein Aquarium? Wie wäre es mit einem Wandaquarium von Maxstore?Folgende Größen sind in unserem Sortiment erhältlich:- L 590 x H 325 x B 110 mm- L 870 x H 580 x B 110 mm- L 1130 x H 650 x B 110 mm- L 1200 x H 445 x B 110 mm- …"},{"name":"og:url","value":"http://futterkatze.de/shop/wandaquarium-590x325x110mm-tuev-gs-ce-rohs-komplett-xxl-zubehoer-set-nano-aquarium-pumpe-ipx8-norm-leuchte-uvm-2/"},{"name":"og:site_name","value":"Futterkatze.de"},{"name":"article:published_time","value":"2013-11-10T11:32:26+00:00"},{"name":"og:image","value":"http://futterkatze.de/wp-content/uploads/http://ecx.images-amazon.com/images/I/31vekglr3eL.jpg"},{"name":"generator","value":"WordPress 3.9.1"}],"uri":{"protocol":"http","domain":"de.futterkatze.","url":"http://futterkatze.de/shop/wandaquarium-590x325x110mm-tuev-gs-ce-rohs-komplett-xxl-zubehoer-set-nano-aquarium-pumpe-ipx8-norm-leuchte-uvm-2/"}}},{"_index":"de_content_201410","_type":"resourceQ","_id":"http://forum.rockhard.de/rhf/viewtopic.php?p=3342169&sid=c1bcf83112586567f987e5e3bf8b13d6","_score":1.0, "_source" : {"body":" Foren-Übersicht Off Topic Das Multimedia Forum Suche Erweiterte Suche FAQ Anmelden | Registrieren Benutzername: Passwort: Mich bei jedem Besuch automatisch anmelden Registrieren ./ucp.php?mode=register&sid=7098b6629085ba23fbdfd092c0257d04 Ich habe mein Passwort vergessen Unbeantwortete Themen Aktive Themen Adobe Photoshop Lightroom 3 für 99 EUR! Hier gehts um Spiele, Film und Fernsehen, Software und ähnliches Antwort erstellen 23 Beiträge • Seite 1 von 2 • 1 , 2 Robbi Profil Website ICQ Wohnort: Herdecke Adobe Photoshop Lightroom 3 für 99 EUR! von Robbi » 26.07.2011 20:14 Hier: http://www.edv-buchversand.de/adobe/url ... lightroom3 Gilt nur solange Vorrat reicht. Viel Erfolg! Zuletzt geändert von Robbi am 26.07.2011 21:23, insgesamt 1-mal geändert. Robbi Robb - a cry above the jungle http://www.robbirobb.com Nach oben Sambora Profil Wohnort: Gallifrey (North) Re: Adobe Photoshop Lightroom 3 für 99 EUR! von Sambora » 26.07.2011 20:23 Scheinbar schon ausverkauft. *g* I'm the man of a thousand faces,a little piece of me in every part I take... I hold the tape for a thousand races,a different point of view in every speech I make... Cut me a piece of my divided soul...cry me a river,call it rock and roll... Give me an attitude and watch me make it lie...pass me a microphone,I need to testify... Nach oben Robbi Profil Website ICQ Wohnort: Herdecke Re: Adobe Photoshop Lightroom 3 für 99 EUR! von Robbi » 26.07.2011 21:24 Klick noch mal auf den Link! Robbi Robb - a cry above the jungle http://www.robbirobb.com Nach oben Izzu Profil ICQ Wohnort: Stuttgart Re: Adobe Photoshop Lightroom 3 für 99 EUR! von Izzu » 27.07.2011 02:34 jetzt wollte ich schon voller Euphorie zuschlagen, bis ich gesehen hab, dass es für Studenten eine noch billigere Version gibt Hoffe mal, dass die nicht limitiert ist, denn dann hol ich mir das Mitte August mal. Falling from grace cause I've been away too long Leaving you behind with my lonesome song Now I'm lost in oblivion Nach oben casta Profil Wohnort: Hallertau Re: Adobe Photoshop Lightroom 3 für 99 EUR! von casta » 27.07.2011 09:24 Izzu hat geschrieben:jetzt wollte ich schon voller Euphorie zuschlagen, bis ich gesehen hab, dass es für Studenten eine noch billigere Version gibt Hoffe mal, dass die nicht limitiert ist, denn dann hol ich mir das Mitte August mal. das problem bei schüler/studentenversionen ist aber, dass du die erzeugnisse nicht kommerziell verwenden darfst. kommt halt dann immer drauf an wofür du die software benutzen willst Nach oben DerHorst Profil ICQ Wohnort: Über den Bergen, bei den anderen 6 Re: Adobe Photoshop Lightroom 3 für 99 EUR! von DerHorst » 27.07.2011 09:58 Braucht man Lightroom eigentlich, wenn man schon Photoshop hat? Für mich sieht das wie eine grafische Benutzeroberfläche für einzelne Optionen in PS aus, oder sollte ich mich da täuschen? Wer zu lange in der schwarzen Sonne liegt wird auch braun.... - Rotstift Langrillen und Silberscheiben Nach oben LordVader Profil Wohnort: Deathstar with Lens Re: Adobe Photoshop Lightroom 3 für 99 EUR! von LordVader » 27.07.2011 10:29 DerHorst hat geschrieben:Braucht man Lightroom eigentlich, wenn man schon Photoshop hat? Für mich sieht das wie eine grafische Benutzeroberfläche für einzelne Optionen in PS aus, oder sollte ich mich da täuschen? Ist immer so eine Sache. Lightroom ist ja eher zur Verwaltung der Bilder gedacht. Also Sortieren, Katalogisieren, Sichern usw. Und es enthält die meisten Sachen, die man zum normalen Bearbeiten von Fotos braucht aus der Photoshopfamilie. Der RAW-Filter ist etwas logischer aufgebaut (für meinen Geschmack) und genauso gut wie der von Photoshop. Eigendlich braucht man außer für Retusche und ähnlich \"mächtige\" Aufgaben Photoshop nicht sondern \"nur\" Lightroom... So gesehen ist Lightroom eine deutlich bessere Version der bei Photoshop enthaltenen Bridge. Ob man beides braucht: Tja, muß jeder selbst wissen... Objektive Fotografie gibt es nicht Körperreduktion/entgiftung - Day 22 (-6,5 kg) Nach oben Izzu Profil ICQ Wohnort: Stuttgart Re: Adobe Photoshop Lightroom 3 für 99 EUR! von Izzu » 27.07.2011 11:00 casta hat geschrieben: Izzu hat geschrieben:jetzt wollte ich schon voller Euphorie zuschlagen, bis ich gesehen hab, dass es für Studenten eine noch billigere Version gibt Hoffe mal, dass die nicht limitiert ist, denn dann hol ich mir das Mitte August mal. das problem bei schüler/studentenversionen ist aber, dass du die erzeugnisse nicht kommerziell verwenden darfst. kommt halt dann immer drauf an wofür du die software benutzen willst Ok, das ist doof. Dann schlag ich doch lieber jetzt zu, denn mit meinen Aufnahmen möchte ich schon machen was ich möchte. Falling from grace cause I've been away too long Leaving you behind with my lonesome song Now I'm lost in oblivion Nach oben LordVader Profil Wohnort: Deathstar with Lens Re: Adobe Photoshop Lightroom 3 für 99 EUR! von LordVader » 27.07.2011 11:47 Izzu hat geschrieben: casta hat geschrieben: Izzu hat geschrieben:jetzt wollte ich schon voller Euphorie zuschlagen, bis ich gesehen hab, dass es für Studenten eine noch billigere Version gibt Hoffe mal, dass die nicht limitiert ist, denn dann hol ich mir das Mitte August mal. das problem bei schüler/studentenversionen ist aber, dass du die erzeugnisse nicht kommerziell verwenden darfst. kommt halt dann immer drauf an wofür du die software benutzen willst Ok, das ist doof. Dann schlag ich doch lieber jetzt zu, denn mit meinen Aufnahmen möchte ich schon machen was ich möchte. ÄH, nein. Das war nur bis zur Photoshop Version 4 so. Seit Photoshop 5 haben die von Adobe das Lizenzsystem umgestellt. (Auch für LR, wenn ich mich nicht sehr irre). Jetzt kann man die Studend and Teacher (wie die Version jetzt heist) auch komerziell nutzen. Dafür berechtigt ein Volkshochschulkurs leider nicht mehr für den Bezug aus... Objektive Fotografie gibt es nicht Körperreduktion/entgiftung - Day 22 (-6,5 kg) Nach oben casta Profil Wohnort: Hallertau Re: Adobe Photoshop Lightroom 3 für 99 EUR! von casta » 27.07.2011 14:26 LordVader hat geschrieben: Izzu hat geschrieben: casta hat geschrieben: Izzu hat geschrieben:jetzt wollte ich schon voller Euphorie zuschlagen, bis ich gesehen hab, dass es für Studenten eine noch billigere Version gibt Hoffe mal, dass die nicht limitiert ist, denn dann hol ich mir das Mitte August mal. das problem bei schüler/studentenversionen ist aber, dass du die erzeugnisse nicht kommerziell verwenden darfst. kommt halt dann immer drauf an wofür du die software benutzen willst Ok, das ist doof. Dann schlag ich doch lieber jetzt zu, denn mit meinen Aufnahmen möchte ich schon machen was ich möchte. ÄH, nein. Das war nur bis zur Photoshop Version 4 so. Seit Photoshop 5 haben die von Adobe das Lizenzsystem umgestellt. (Auch für LR, wenn ich mich nicht sehr irre). Jetzt kann man die Studend and Teacher (wie die Version jetzt heist) auch komerziell nutzen. Dafür berechtigt ein Volkshochschulkurs leider nicht mehr für den Bezug aus... soweit ich weiß ist das aber schon so. zumindest behauptet das mein herr vater, der sich den ps cs5 geholt hat, obwohl er vorher schon die studentenversion vom cs4 hatte. gerade aus diesem grund. aber hundert pro sicher bin ich mir nun auch nicht mehr. Nach oben Izzu Profil ICQ Wohnort: Stuttgart Re: Adobe Photoshop Lightroom 3 für 99 EUR! von Izzu » 27.07.2011 23:54 Hab mir nun eh schon die 99€ Version bestellt, hab LordVaders post zu spät gelesen.. aber egal, als Student hat mans ja! Freu mich schon richtig drauf, hab meine Bilder bisher immer nur mit iPhoto bearbeitet und wollte mir schon lange ein professionelles Bearbeitungsprogramm besorgen, damit ich endlich mal das Maximale aus meinen Bildern herausholen kann. Aperture hat mir leider nie wirklich zugesagt, von daher kommt mir die 99€ Aktion wie gelegen Falling from grace cause I've been away too long Leaving you behind with my lonesome song Now I'm lost in oblivion Nach oben LordVader Profil Wohnort: Deathstar with Lens Re: Adobe Photoshop Lightroom 3 für 99 EUR! von LordVader » 28.07.2011 05:01 Izzu hat geschrieben:Hab mir nun eh schon die 99€ Version bestellt, hab LordVaders post zu spät gelesen.. aber egal, als Student hat mans ja! Freu mich schon richtig drauf, hab meine Bilder bisher immer nur mit iPhoto bearbeitet und wollte mir schon lange ein professionelles Bearbeitungsprogramm besorgen, damit ich endlich mal das Maximale aus meinen Bildern herausholen kann. Aperture hat mir leider nie wirklich zugesagt, von daher kommt mir die 99€ Aktion wie gelegen Wobei Lightroom ja kein professionelles Bildbearbeitungsprogramm ist. Sondern ein professionelles Bildverwaltungsprogramm mit teilweise (gutteils) vorhandenen Bearbeitungsfunktionen Objektive Fotografie gibt es nicht Körperreduktion/entgiftung - Day 22 (-6,5 kg) Nach oben LordVader Profil Wohnort: Deathstar with Lens Re: Adobe Photoshop Lightroom 3 für 99 EUR! von LordVader » 28.07.2011 05:05 casta hat geschrieben:soweit ich weiß ist das aber schon so. zumindest behauptet das mein herr vater, der sich den ps cs5 geholt hat, obwohl er vorher schon die studentenversion vom cs4 hatte. gerade aus diesem grund. aber hundert pro sicher bin ich mir nun auch nicht mehr. Ich habe das auf der Adobeseite auf die Schnelle nicht mehr gefunden, aber am großen Fluß http://www.amazon.de/gp/feature.html/ref=amb_link_157055727_2?ie=UTF8&ie=UTF8&docId=1000391023&pf_rd_m=A3JWKAKR8XB7XF&pf_rd_s=special-node-offers-3&pf_rd_r=1ZVC6SZHJ6D45ZT1P4QB&pf_rd_t=201&pf_rd_p=210951107&pf_rd_i=B003L2M90I Das entsprach vor ca. einem Jahr auch der Fassung bei Adobe (damals habe ich mir das sehr genau durchgelesen...) Objektive Fotografie gibt es nicht Körperreduktion/entgiftung - Day 22 (-6,5 kg) Nach oben Robbi Profil Website ICQ Wohnort: Herdecke Re: Adobe Photoshop Lightroom 3 für 99 EUR! von Robbi » 28.07.2011 10:33 LordVader hat geschrieben:Wobei Lightroom ja kein professionelles Bildbearbeitungsprogramm ist. Sondern ein professionelles Bildverwaltungsprogramm mit teilweise (gutteils) vorhandenen Bearbeitungsfunktionen Naja, sagen wir mal so: es ist ein professionelles (eigentlich gibt es nix besseres) Foto-Bearbeitungsprogramm. Und drum nutzen es ja auch zig Profis. Robbi Robb - a cry above the jungle http://www.robbirobb.com Nach oben LordVader Profil Wohnort: Deathstar with Lens Re: Adobe Photoshop Lightroom 3 für 99 EUR! von LordVader » 28.07.2011 10:41 Robbi hat geschrieben: LordVader hat geschrieben:Wobei Lightroom ja kein professionelles Bildbearbeitungsprogramm ist. Sondern ein professionelles Bildverwaltungsprogramm mit teilweise (gutteils) vorhandenen Bearbeitungsfunktionen Naja, sagen wir mal so: es ist ein professionelles (eigentlich gibt es nix besseres) Foto-Bearbeitungsprogramm. Und drum nutzen es ja auch zig Profis. Naja zum Bearbeiten nutzen die meisten mir bekannten Profis Photoshop. Objektive Fotografie gibt es nicht Körperreduktion/entgiftung - Day 22 (-6,5 kg) Nach oben Nächste Beiträge der letzten Zeit anzeigen: Alle Beiträge 1 Tag 7 Tage 2 Wochen 1 Monat 3 Monate 6 Monate 1 Jahr Sortiere nach Autor Erstellungsdatum Betreff Aufsteigend Absteigend Antwort erstellen 23 Beiträge • Seite 1 von 2 • 1 , 2 Zurück zu Das Multimedia Forum Gehe zu: Wähle ein Forum aus ------------------ RockHard    RockHard - Das Megazine    RockHard - Das Festival    RockHard.de - Die Community Die Musik    Musik allgemein    Traditionell    Hard Rock    Knüppeln    Alternative    Alive    Tonezone Off Topic    Dark Eye Inn    Dieses und Jenes    Das Multimedia Forum    Das Fußball Forum    Das Museum    Die Spielwiese bei Langeweile Kleinanzeigen    Verkäufe    Tausch    Gesuche    Mitfahrgelegenheit    Kontaktecke    Promote your Band or Event Wer ist online? Mitglieder in diesem Forum: abuzze666 und 11 Gäste Foren-Übersicht Alle Cookies des Boards löschen Deutsche Übersetzung durch phpBB.de Powered by phpBB® Forum Software © phpBB Group phpBB style by Arty Wähle ein Forum aus RockHard RockHard - Das Megazine RockHard - Das Festival RockHard.de - Die Community Die Musik Musik allgemein Traditionell Hard Rock Knüppeln Alternative Alive Tonezone Off Topic Dark Eye Inn Dieses und Jenes Das Multimedia Forum Das Fußball Forum Das Museum Die Spielwiese bei Langeweile Kleinanzeigen Verkäufe Tausch Gesuche Mitfahrgelegenheit Kontaktecke Promote your Band or Event ","title":"RockHardForum - Thema anzeigen - Adobe Photoshop Lightroom 3 für 99 EUR!","desc":null,"details":{"length":12305,"language":"de","date":"2014/10/31 16:18:35","type":"text/html","country":""},"crawling":{"duration":"1","date":"2014/10/31 16:18:35"},"metas":[],"uri":{"protocol":"http","domain":"de.rockhard.forum.","url":"http://forum.rockhard.de/rhf/viewtopic.php?p=3342169&sid=c1bcf83112586567f987e5e3bf8b13d6"}}},{"_index":"de_content_201410","_type":"resourceQ","_id":"https://hkl-baushop.de/nach-marke/113806/?force_sid=ajq8u4nh8vkav73hj1bpdft6o0","_score":1.0, "_source" : {"body":" Deutsch Deutsch Deutsch EUR EUR EUR GBP CHF USD Konto Konto Mein Konto Mein Artikelvergleich Mein Merkzettel Mein Wunschzettel Sie haben Ihr Passwort vergessen? Kein Problem, hier können Sie ein neues Passwort einrichten. Ihre E-Mail-Adresse: Bitte Wert angeben! Bitte geben Sie eine gültige E-Mail-Adresse ein Passwort anfordern Nachdem Sie den 'Passwort anfordern'-Knopf angeklickt haben, schicken wir Ihnen eine E-Mail zu, mit der Sie Ihr Passwort ändern können. Sollten Sie innerhalb der nächsten Minuten KEINE E-Mail mit Ihren Zugangsdaten erhalten, so überprüfen Sie bitte: Haben Sie sich in unserem Shop bereits registriert? Wenn nicht, so tun Sie dies bitte einmalig im Rahmen des Bestellprozesses. Sie können dann selbst ein Passwort festlegen. Sobald Sie registriert sind, können Sie sich in Zukunft mit Ihrer E-Mail-Adresse und Ihrem Passwort einloggen. Wenn Sie sich sicher sind, dass Sie sich in unserem Shop bereits registriert haben, dann überprüfen Sie bitte, ob Sie sich bei der Eingabe Ihrer E-Mail-Adresse evtl. vertippt haben. Sollten Sie trotz korrekter E-Mail-Adresse und bereits bestehender Registrierung weiterhin Probleme mit dem Login haben und auch keine \"Passwort vergessen\"-E-Mail erhalten, so wenden Sie sich bitte per E-Mail an: onlineshop@hkl-baumaschinen.de Anmelden Anmelden E-Mail-Adresse Passwort ? Passwort merken Anmelden Registrieren Suche Produkte Absperrgeräte und Verkehrszeichen Bau- und Kleingeräte Baustelleneinrichtung und Raumsysteme Baustrom und Licht Boden- und Betonverdichter Diamant- und Schneidetechnik Elektrowerkzeuge Fahrzeugpflege Garten und Reinigung Hebezeuge, Zurrtechnik Heizen und Lüften Hochbau Kanal- und Asphaltbau Kleinmaschinen Kommunaltechnik Leitern und Gerüste Schutzkleidung und Arbeitsschutz Steintrennmaschinen und Kernbohrgeräte Tief- und Straßenbau Transportgeräte Vermessung und Messen Wasser- und Pumpentechnik Werkstatteinrichtung und Tankanlagen Werkzeuge für Maurer und Pflasterer Specials Norton Clipper Special Makita Special Videos Angebote Branchen Abbruch Garten- und Landschaftsbau Hochbau Industrie Kommunen Rohrleitungs- und Kanalbau Tief- und Straßenbau Sie sind hier: /  Nach Marke /  113806 Tags werkzeug wegebau versetzzange verbrauch stromversorgung stromerzeugung stromerzeuger strom straßenbau probst notstrom norton clipper lagerung generator ese endress duplex benzin asphalt aggregat Weiter... Newsletter Abonnieren * Alle Preise zzgl. MwSt., zzgl. Versandkosten. Verkauf nur an gewerbliche Kunden SERVICE Kontakt Hilfe Links Gästebuch Warenkorb Konto Merkzettel Mein Wunschzettel Öffentlicher Wunschzettel INFORMATIONEN Impressum AGB Datenschutz Versand Widerrufsrecht Wie bestellen? Bezahlung Newsletter MARKE 100191 110479 110518 113806 130181 178100 192636 200070 202452 230487 230830 230843 240003 60025 701060 702170 702230 702340 704070 706099 Mehr... KATEGORIEN Produkte Specials Videos Angebote Branchen HKL BAUMASCHINEN | HKL Center Suche | HKL Kontakt © Copyright 2014 HKL BAUMASCHINEN GmbH - Alle Rechte vorbehalten Zum Seitenanfang Vorname Nachname E-Mail* Jetzt kostenlos anmelden! * Alle Preise zzgl. MwSt., zzgl. Versandkosten. ","title":"113806 | im HKL BAUSHOP online kaufen ","desc":"nach marke, 113806 -","details":{"length":3143,"language":"de","date":"2014/10/31 16:18:36","type":"text/html","country":""},"crawling":{"duration":"1","date":"2014/10/31 16:18:36"},"metas":[{"name":"description","value":"nach marke, 113806 -"},{"name":"keywords","value":"nach, marke, 113806, -"}],"uri":{"protocol":"https","domain":"de.hkl-baushop.","url":"https://hkl-baushop.de/nach-marke/113806/?force_sid=ajq8u4nh8vkav73hj1bpdft6o0"}}},{"_index":"de_content_201410","_type":"resourceQ","_id":"http://bakker-holland.de/gartentipps/schneiden-pflanzen-und-pflegen/pflanzen/gemuse-und-obst2/;pgid=bik0qqxqq2vsr0extycv0irr0000gihu4idf;sid=lykql78phkmal-yqvoedabwfdbs9bywjaz4=","_score":1.0, "_source" : {"body":" Einloggen (Neu bei Bakker: Kundenkonto einrichten) Wunschliste Garantie Schnell bestellen Home Blumenzwiebeln Allium Amaryllen Tulpen Gladiolen Hyazinthen Irisse Krokusse Lilien Narzissen Große Gärten, professionelle Gärtner und Landschaftsarchitekten Zimmerzwiebeln Mischungen Kollektionen Terrassenzwiebeln Verwilderung Übrige Blumenzwiebeln Bäume & Sträucher Bodendeckende Sträucher Bäume Hecken Hortensien Klettersträucher Koniferen Obstbäume Obststräucher Sträucher Sträucher auf Stamm Stauden Beetpflanzen Bodendecker Exotische Stauden Geranien und Fuchsien Hängepflanzen Kletterpflanzen Kübelpflanzen Schnittblumen Stauden Terrassen- und Balkonpflanzen Ziergräser Zimmerpflanzen Air So Pure Blühende Zimmerpflanzen Große Zimmerpflanzen Grüne Zimmerpflanzen Kakteen und Sukkulenten Zimmerpflanzen-Pakete Accessoires Grills und Außenküchen Kooki LotusGrill OutdoorChef Pflanzenschutz Bewässerung Pflanzgefäße Artstone Capi Tutch® EK Blumentöpfe iQbana® Lechuza® Nicoli® Pure® Design-Pflanzgefäße Pure® Raindrop Pure® Round Pure® Soft Bowl Pure® Soft Round Pure® Soft Square Pure® Square Pure® Swing Universal Übrige Pflanzgefäße Dekoration Balkonsichtschutz Flat Flowers Fensterbilder Gartenkissen Gartentücher Mülltonnen-Aufkleber Wohnraumdüfte Küchenhelfer Kunstpflanzen Blühende Pflanzen Grünpflanzen Hängepflanzen Anzucht Dünger Mineralische Dünger Organische Dünger PlantVital Terrassenheizungen Gartenfiguren Gartenfiguren Tiere Gartenfiguren Zwerge Gartenfiguren mit Solarbeleuchtung Klassische Gartenfiguren Übrige Gartenfiguren Gartengeräte Bodenpflege Holzbearbeitung QuikFit Schneiden Übrige Gartengeräte Beleuchtung 12 Volt Beleuchtung 240 Volt Beleuchtung Solar Beleuchtung Vogelfutter und Vogelhäuschen Teich Wasserpflanzen Boden und Pflanze Filtration & Belüftung Algenbekämpfung Wasserwirtschaft Fischfutter Andere Rest Gemüse & Obst Biologisch gezüchtete Kräuter PUUR Erdbeeren Gemüse Kräuter Obst Obststräucher Pilze Terrassenobst Zwiebeln, Knoblauch und Schalotten Rosen Bodendeckende Rosen Duftende Rosen Großblumige Rosen Heckenrosen Kaskadenrosen Kletterrosen Rosen auf Stamm Schnittrosen Strauch- und englische Rosen Saat Blumensaat Bäume und Ziersträucher Einjährige Essbare Blüten Fuseables® Kletterpflanzen Kübelpflanzen Kollektionen Beetpflanzen Schnittblumen Saatbänder, Saatpads und Saatmatten Saatmischungen Gemüsesaat Bohnen Zucchini Erbsen Gurken und Salatgurken Kohlsorten Pfeffer und Paprika Radieschen Salat Sprossengemüse Tomaten Möhren Saatbänder und -Pads Weitere Kräutersaat Obst Zierfrüchte Besonderheiten Sommer-Spezial Rob Verlinden Kollektionen Robs Bienen- und Schmetterlingsgarten Robs Gartenbeize Robs Sommerabend Robs Tischlautsprecher Robs Vasen Buchsbaum Figuren Große Gärten, professionelle Gärtner und Landschaftsarchitekten 'Home and Garden' Kollektion SALE Gartentipps Gartenkalender Januar Februar März April Mai Juni Juli August September Oktober November Dezember Schneiden, pflanzen und pflegen Schneiden Allgemeine Schneidetipps Bäume und Sträucher Ernten Gemüse und Obst Geräte Hecken und Koniferen Pflanzen Rosen Schnittblumen Pflanzen Allgemeine Pflanzregeln Blumenzwiebeln Bäume und Sträucher Gemüse und Obst Hecken und Koniferen Rasen Rosen Stauden Terrase und Balkon Pflegen Bewässern Blumenzwiebeln Dünger Gartengeräte Gemüse und Obst Pflanzenschutzmittel Rasen Rosen Stauden Teich Winterschutz Kategorien Blumenzwiebeln Bäume und Sträucher Gartenaccessoires Gemüse und Obst Hecken und Koniferen Kletterpflanzen Rasen Rosen Stauden Teich Terrasse und Balkon Gartentyp Englischer Garten Gartenfarbe Gräsergarten Im Haus Japanischer Garten Kinder-Garten Lage des Gartens Pflückgarten Schmetterling- und Tier-Garten Sommergarten Stadtgarten Terrasse und Balkon Trends Wintergarten Service Einkaufen bei Bakker Bezahlen Versand & Lieferung Sicherheit & Datenschutz Qualität & Garantie Widerrufsrecht & Bestellung ändern AGB's Meine Kundendaten Einloggen Daten ändern Passwort vergessen Häufig gestellte Fragen (FAQ) Antworten auf Ihre Fragen Lieferung Meine Bestellung Meine Produkte Gratis-Geschenke / Preise Garantie Beratung Begriffserklärung Online Service Zahlung Kontakt Anmelden für den Newsletter Abmelden für den Newsletter Katalog anfordern Kontaktformular Bestellung/Lieferung Zahlung Geschenk Reklamation Kompliment Frage zur Website Frage zu Ihrem Kundenkonto Frage zu einem Produkt Gartenberatung Sonstiges Impressum/Kontakt Kontaktdaten Über Bakker Unser Unternehmen Jobs bei Bakker Preisfragen Gewinner 2011 Gewinner 2012 Gewinner 2013 Spielregeln Vorrätige Produkte Alle Produkte Gartentipps Kundenservice Erweiterte Suche Gartenkalender Januar Februar März April Mai Juni Juli August September Oktober November Dezember Schneiden, pflanzen und pflegen Schneiden Pflanzen Allgemeine Pflanzregeln Blumenzwiebeln Bäume und Sträucher Gemüse und Obst Hecken und Koniferen Rasen Rosen Stauden Terrase und Balkon Pflegen Kategorien Blumenzwiebeln Bäume und Sträucher Gartenaccessoires Gemüse und Obst Hecken und Koniferen Kletterpflanzen Rasen Rosen Stauden Teich Terrasse und Balkon Gartentyp Englischer Garten Gartenfarbe Gräsergarten Im Haus Japanischer Garten Kinder-Garten Lage des Gartens Pflückgarten Schmetterling- und Tier-Garten Sommergarten Stadtgarten Terrasse und Balkon Trends Wintergarten Home /   Gartentipps /   Schneiden, pflanzen und pflegen /   Pflanzen /   Gemüse und Obst Gemüse und Obst 1 - 1 von 1 Ergebnisse Maximal 10 20 50   Ergebnisse pro Seite Das Züchten von Tomatenpflanzen Selbst Ihre eigenen Tomaten züchten macht viel Freude! Und Ihre Mühe wird auch noch mit herrlichen Tomaten belohnt. Es gibt jedoch einige Arbeiten, die notwendig sind, um ein herrliches Resultat zu erreichen. Lesen Sie weiter   1     Gratis mit Ihrer Bestellung Solar-Pflanzenständer GRATIS Service - Katalog anfordern - Gartentipps - Sicherheit & Datenschutz - Nehmen Sie Kontakt mit uns auf Bestellen bei Bakker - Versand & Lieferung - Widerrufsbelehrung - Sichere Bezahlung - Bis zu 5 Jahre Garantie Über Bakker Holland - Affiliate Programm - Umweltfreundliche Verpackung - Unser Unternehmen - Europas größter Gartenspezialist * *Preise inkl. gesetzl. MwSt. und zzgl. Service- & Versandkosten Die Standard-Versandkosten betragen € 5,95. Aktionsgebunden können diese mitunter auch niedriger liegen.    2014 © Bakker AGB Über Bakker Impressum/Kontakt Datenschutz Sitemap Sie haben aktuell folgende Cookie-Einstellungen: Cookies zulassen Sie haben aktuell folgende Cookie-Einstellungen: Cookies ablehnen ","title":"Gemüse und Obst | Pflanzen | Bakker","desc":null,"details":{"length":6487,"language":"de","date":"2014/10/31 16:18:33","type":"text/html","country":""},"crawling":{"duration":"1","date":"2014/10/31 16:18:33"},"metas":[{"name":"description","value":""},{"name":"keywords","value":"Schneiden, pflanzen und pflegen, Pflanzen, Gemüse und Obst, Bakker "},{"name":"ROBOTS","value":"index,follow"},{"name":"google-site-verification","value":"oTUw6I-UAmbWkLO28EQMOAq_y01KnPVY1Yq8LRbzeGU"}],"uri":{"protocol":"http","domain":"de.bakker-holland.","url":"http://bakker-holland.de/gartentipps/schneiden-pflanzen-und-pflegen/pflanzen/gemuse-und-obst2/;pgid=bik0qqxqq2vsr0extycv0irr0000gihu4idf;sid=lykql78phkmal-yqvoedabwfdbs9bywjaz4="}}},{"_index":"de_content_201410","_type":"resourceQ","_id":"http://gebrauchtwagen.de/autos/mitsubishi/outlander/outlander-2.0-2wd/gw20xn25benb.html","_score":1.0, "_source" : {"body":" in Kooperation mit Gebrauchtwagen Magazin Anbieter Fahrzeug eingeben Informationen Mein Gebrauchtwagen Meine Suchaufträge Händler Login Mein Merkzettel Mein Profil Meine Inserate Händler Kostenlos anmelden Händler Login Informationen Zurück   Bildergalerie ansehen (10 Bilder)   Mitsubishi Outlander 2.0 2WD 3.400,– €     Andere 166.232 km 12 / 2005 Benzin Manuell   Details Fahrzeugdaten Marke Mitsubishi Modell Outlander 2.0 2WD Fahrzeugtyp Andere Angebotstyp Gebrauchtwagen Preis 3.400,– € Kilometerstand 166.232 Erstzulassung 12 / 2005 Hauptuntersuchung 10 / 2014 Leistung (KW / PS) 100 / 136 Kraftstoff Benzin Getriebe Manuell Verbrauch innerorts* 12,1 Verbrauch außerorts* 7,4 Verbrauch kombiniert* 9,1 CO2 (g / km) 215 Energieeffizienzklasse G Emissionsklasse Euro 4 Umweltplakette grün Hubraum (ccm) 1.997 Türen 5 Farbe Grau Metallic Beschädigtes Fahrzeug Nein CO2-Effizienz Auf der Grundlage der gemessenen CO2-Emission unter Berücksichtigung der Masse des Fahrzeugs ermittelt. Anbieter Autohäuser Gebr. Kühn Am Lützer Feld 4/14 99310  Arnstadt Deutschland   03628587000 Anbieter per E-Mail kontaktieren Umsatzsteuer-ID nach § 27a Umsatzsteuergesetz: DE182986334 Vertretungsberechtigt: Michael Kühn, Am Lützer Feld 4/14, 99310 Arnstadt Handelsregister: kein Eintrag; kein Eintrag Anbieter-Homepage 257 weitere Angebote des Anbieters Alle Daten als PDF herunterladen Merken Weiterempfehlen Beanstanden Fahrzeugausstattung des Gebrauchtwagen ABS Elektr. Fensterheber Klima Seitenairbags Servolenkung Zentralverriegelung     Bemerkungen des Anbieters zu diesem Gebrauchtwagen-Angebot Fahrzeug-Nr. für Anfragen: FGAL02598_112524570 Inserat-Nr.: GW20XN25BENB Metallic / Wegfahrsperre, Interieurtyp Stoff, Vorder und Seiten Airbags, Vorder und Seiten Airbags, CD-Radio Grundig DVD Player, Dachmonitor u. Kopfhörer Winterkompletträder Lackierung: Metallic ABS inkl. EBV Airbag: Seiten-Airbag Außenspiegel el. verstell.- u. beheizbar Colorglas Dachreling Dachspoiler mit dritter Bremsleuchte Drehzahlmesser Fensterheber elektrisch (4) Gepäckraumabdeckung Getriebe: 5-Gang-Schaltgetriebe Heckscheibenwischer ISOFIX-Kindersitzbefestigung Info Display m. Außentemperatur ....... Klimaanlage Kopfstützen hinten höheneinstellbar Kopfstützen vorn, Höhe u. Neigung einst. Lenksäule: neigungsverstellbar Mittelarmlehne hinten mit Getränkehalter Mittelarmlehne vorn Rücksitzlehne geteilt umklappbar 60/40 Servolenkung Sitz: Fahrer höhenverstellbar Stromanschluß im Laderaum Wegfahrsperre Airbag Airbag auf Fahrer- und Beifahrerseite Zentralverriegelung Zentralverriegelung inkl. Fernbedienung Gebrauchtwagen für Ihren gewerblichen Bedarf (Händler), DVD Player mit Dachmonitor und Kopfhörer, Winterreifen neuw. aus 2013, techn. u. opt. nicht aufbereitet, vom Ford Vertragshändler. Fragen? Wir beraten Sie gern ! Weitere Details zu unserem Angebot Tel. 03628/640810. Irrtümer und Zwischenverkauf vorbehalten! Anbieter Anbieter Autohäuser Gebr. Kühn Am Lützer Feld 4/14 99310  Arnstadt Deutschland Telefon:  03628587000 Telefax:  03628587101 Umsatzsteuer-ID nach § 27a Umsatzsteuergesetz: DE182986334 Vertretungsberechtigt: Michael Kühn, Am Lützer Feld 4/14, 99310 Arnstadt Handelsregister: kein Eintrag; kein Eintrag Homepage des Anbieters – Impressum 257 weitere Angebote Anbieter per Mail kontaktieren Ihre E-Mail-Adresse Ihr Name Ihre Telefonnummer Ihre Nachricht Code eingeben Neues Bild generieren Kopie an mich senden   Praktische Dienste rund ums Auto Service Dieses Fahrzeug durch Experten bewerten lassen     Services in Kooperation mit Kroschke Service Kfz-Zulassung - Nur 30€ für unseren Service Wir bieten Ihnen die Möglichkeit, die Kfz-Zulassung Ihres Fahrzeugs bequem online zu beauftragen. Selbstverständlich können Sie trotzdem ein Wunschkennzeichen angeben weiter   Service Kfz-Überführung vom Profi - Schon ab 109€ Sparen Sie viel Zeit und Geld und überlassen uns Ihre Autoüberführung. Wir nehmen Ihnen diese Arbeit zu günstigen Konditionen gerne ab. weiter     Zur Kroschke-Homepage Finanzieren Sie den Wagen einfach mit der Sparkasse Arnstadt-Ilmenau Bitte kontaktieren Sie uns zur Finanzierung dieses Fahrzeuges. Jetzt kontaktieren Ich bin Kunde einer anderen Sparkasse       Andere Fahrzeuge des Anbieters Citroen Xantia Kombi (Break) 2.0 Automatik 999 € Ford Focus 1.6 1.350 € Opel Astra 2.2 16V Coupe 1.800 € Ford Focus 1.6 1.950 € Mitsubishi Outlander 2.0 2WD 3.400 € Ford C-MAX 1.8 4.490 € Ford Fiesta 1.3 4.790 € Opel Astra 1.9 CDTI Caravan DPF 4.950 € Ford Focus 1.6 5.390 € Hyundai i30 1.6 CRDi 5.990 € Toyota Yaris 1.0 6.290 € Citroen C3 1.4 6.450 € Citroen C1 1.0 6.490 € Ford Fiesta 1.25 6.790 € Ford Fiesta 1.25 6.790 € Ford Focus C-MAX 2.0 TDCi DPF 6.990 € Ford Focus 1.6 6.990 € Ford Focus Coupe-Cabriolet 2.0 7.000 € Citroen C4 Picasso 1.6 HDi FAP EGS6 Tendance 7.590 € Subaru Legacy Kombi 2.0 4WD 7.590 € Ford Focus 1.6 7.790 € Citroen Nemo 7.990 € Kia Soul 1.6 CVVT 7.990 € Ford Fiesta 1.25 8.400 € Ford Fiesta 1.25 8.490 € Citroen C4 THP 140 Exclusive Automatik 8.790 € Citroen C1 1.0 8.790 € Mazda MX-5 1.6 16V 8.850 € Ford Focus 1.8 8.990 € Ford Ka 1.2 8.990 € Ford Focus 1.6 8.990 € Ford Ka 1.2 9.515 € Ford Focus Turnier 1.8 9.590 € Ford Fiesta 1.25 9.815 € Honda Insight 1.3 9.990 € Ford Ka 1.2 9.990 € Ford Fiesta 1.25 9.999 € Ford Ka 1.2 10.135 € Kia Picanto 1.0 10.190 € Citroen C1 10.290 € Ford Ka 1.2 10.390 € Seat Altea 1.4 TSI 10.490 € Ford Fiesta 1.25 10.990 € Citroen Berlingo HDI 90 10.990 € Ford Fiesta 10.990 € Gebrauchtwagen.de übernimmt für die Richtigkeit der Angaben und die Verfügbarkeit des Fahrzeugs keine Gewähr. Die auf diesem Portal verfügbaren Fahrzeuge werden durch Kfz-Händler(gewerblich) und Privatpersonen angeboten. Für die Inhalte dieser Anzeigen ist ausschließlich der Anbieter des Fahrzeugs verantwortlich. Das ist ein Produkt der Deutschen Leasing *) Weitere Informationen zum offiziellen Kraftstoffverbrauch und den offiziellen spezifischen CO2-Emissionen neuer PKW können dem \"Leitfaden über den Kraftstoffverbrauch und die CO2-Emissionen neuer PKW\" entnommen werden, der an allen Verkaufsstellen und bei der \"Deutschen Automobil Treuhand GmbH\" unentgeltlich erhältlich ist unter www.dat.de.   nach oben   Impressum AGB Datenschutz Nutzungsbedingungen Unsere Partner Seitenübersicht Presse Kontakt Lesezeichen setzen bei: © 2014 autozeitung.de   ","title":"Mitsubishi Outlander 2.0 2WD bei Gebrauchtwagen.de","desc":"Gebrauchtwagen, Mitsubishi, Outlander Outlander 2.0 2WD, Grau Metallic für 3.400,00 €, Erstzulassung: 02/2005,  Kilometerstand: 166232 km, Andere, Benzin, Manuell, 100 KW, 136 PS in Arnstadt","details":{"length":6315,"language":"de","date":"2014/10/31 16:18:34","type":"application/xhtml+xml","country":""},"crawling":{"duration":"1","date":"2014/10/31 16:18:34"},"metas":[{"name":"author","value":"Autozeitung.de"},{"name":"keywords","value":"Gebrauchtwagen, Mitsubishi, Outlander Outlander 2.0 2WD, Grau Metallic, Andere, Benzin, Manuell, 100 KW, 136 PS, 02/2005, Klima, Elektr. Fensterheber, Servolenkung"},{"name":"description","value":"Gebrauchtwagen, Mitsubishi, Outlander Outlander 2.0 2WD, Grau Metallic für 3.400,00 €, Erstzulassung: 02/2005,  Kilometerstand: 166232 km, Andere, Benzin, Manuell, 100 KW, 136 PS in Arnstadt"},{"name":"copyright","value":"Autozeitung.de"},{"name":"og:type","value":"article"},{"name":"og:site_name","value":"Gebrauchtwagen.de"},{"name":"og:title","value":"Mitsubishi Outlander 2.0 2WD 3.400,00 € in Arnstadt"},{"name":"og:url","value":"http://www.gebrauchtwagen.de/autos/mitsubishi/outlander/outlander-2.0-2wd/GW20XN25BENB.html"},{"name":"fb:app_id","value":"214636921911025"},{"name":"og:description","value":"Mitsubishi Outlander 2.0 2WD"},{"name":"og:image","value":"http://static.gebrauchtwagen.de/external/images/gwfz/22/9b/03/43/bd1f/0a6279f0/e0c90c4b2f93/89490/823904679/321x239.jpg"},{"name":"og:image","value":"http://static.gebrauchtwagen.de/external/images/gwfz/15/be/5c/65/178b/74bb71f6/0ab75ee45375/96393/497317596/321x239.jpg"},{"name":"og:image","value":"http://static.gebrauchtwagen.de/external/images/gwfz/7d/ed/e3/8b/2abe/3b5ae35d/b2b2976ad6c0/46271/394726472/321x239.jpg"},{"name":"og:image","value":"http://static.gebrauchtwagen.de/external/images/gwfz/d0/07/9a/0c/55c5/3345f577/57c207375297/102596/789329200/321x239.jpg"},{"name":"og:image","value":"http://static.gebrauchtwagen.de/external/images/gwfz/79/c5/fa/64/159e/a66eb9b4/6663b3ff48a5/81670/332387608/321x239.jpg"},{"name":"og:image","value":"http://static.gebrauchtwagen.de/external/images/gwfz/b6/48/7d/b3/97c3/4bfda2e5/461871ecbf58/74940/459969938/321x239.jpg"},{"name":"og:image","value":"http://static.gebrauchtwagen.de/external/images/gwfz/ec/e3/c6/e0/e59b/f3bd6432/60fe15363daf/72151/965165565/321x239.jpg"},{"name":"og:image","value":"http://static.gebrauchtwagen.de/external/images/gwfz/d0/7d/5b/d9/dc96/373109e5/ceb9087f3adc/70090/257315591/321x239.jpg"},{"name":"og:image","value":"http://static.gebrauchtwagen.de/external/images/gwfz/f2/81/6d/7c/b9fe/d4013e02/4a5f030e598e/87014/175118489/321x239.jpg"},{"name":"og:image","value":"http://static.gebrauchtwagen.de/external/images/gwfz/8f/87/13/c4/ca26/c256b021/ce28a8ba842a/45185/412460372/321x239.jpg"},{"name":"language","value":"de"}],"uri":{"protocol":"http","domain":"de.gebrauchtwagen.","url":"http://gebrauchtwagen.de/autos/mitsubishi/outlander/outlander-2.0-2wd/gw20xn25benb.html"}}},{"_index":"de_content_201410","_type":"resourceQ","_id":"http://cbaktiv.cbantik.de/viewtopic.php?p=107&sid=2ff39fb90ee630345ba0ee81c4baa781","_score":1.0, "_source" : {"body":" CBAktiv.de Der Treffpunkt für CB-Funker in Deutschland FAQ  -  Suche -  Anmelden    Aktuelle Zeit: 5. Juli 2014, 14:12 Unbeantwortete Themen | Aktive Themen Foren-Übersicht » CB-Funk » Verbände Alle Zeiten sind UTC [ Sommerzeit ] RTCB trifft sich wieder Moderator: Christian    Seite 1 von 1  [ 13 Beiträge ]    Druckansicht Vorheriges Thema | Nächstes Thema  Autor Nachricht Christian   Betreff des Beitrags: RTCB trifft sich wieder Verfasst: 14. März 2006, 22:09  Chefadministrator Registriert: 13. Februar 2006, 22:38 Beiträge: 137 Wohnort: Walzbachtal Zum dritten Mal treffen sich am 15. April 2006 die Diskussionsteilnehmer des RTCB (\"Runder Tisch CB-Funk\") in illustrer Runde, um aktuelle Geschehnisse im CB-Funk zu erörtern. Nach Bad Dürkheim und Bonn ist diesmal Orscholz im Saarland das Ziel der RTCB-Runde. Zu dieser Veranstaltung ist jeder am CB-Funk Interessierte eingeladen. Infos gibt es unter http://www.rtcb.de Nach oben       thomas.karten   Betreff des Beitrags: Verfasst: 31. März 2006, 08:51  Rookie Registriert: 21. März 2006, 16:12 Beiträge: 8 Wohnort: Heidelberg Hallo zusammen Der Termin für den RTCB wird sich wohl vom 15. April auf den 29.April 2006 verschieben. Als Grund hierfür wird Allgemein angesehen, das am Ostersamstag zu viele Funkfreunde mit Ihren Familien das lange Osterwochenende verbringen wollen - zu wenige Teilnehmer. Unter http://www.rtcb.de/3 kann man grob einsehen, wer sich bereits angekündigt hat und wer nicht Ob das Treffen in der Nähe von Saarbrücken stattfinden wird, ist leider ebenfalls noch nicht bestätigt. Es wird aber allgemein davon ausgegangen, das dem so sein dürfte. 73 -- Thomas Karten _________________ -- Thomas Karten www.dcbo.net Nach oben       Christian   Betreff des Beitrags: Verfasst: 4. April 2006, 13:08  Chefadministrator Registriert: 13. Februar 2006, 22:38 Beiträge: 137 Wohnort: Walzbachtal Neue Informationen zum kommenden RTCB-Treff veröffentlichte die DCBO unter RTCB-Veröffentlichungen: ZITAT Am 29.04.06 findet in Orscholz das 3te Treffen des RTCB statt. Das Treffen wird um 13.oo Uhr beginnen. Genaue Info´s dazu und Tagesordnung werden hier noch bekannt gegeben. ZITAT ENDE Das Treffen soll nach vorliegenden Informationen, im Hotel Saarschleife stattfinden. Hotel zur Saarschleife Cloefstraße 44 +49 (0) 68 65 / 179-0 66693 Orscholz http://www.hotel-saarschleife.de/ _________________ Mach mit - sei CBAktiv! ___________ \"You're not married or have a girlfriend and you've never watched Star Trek?\" \"No.\" \"Good lord.\" Patrick Stewart Nach oben       thomas.karten   Betreff des Beitrags: Verfasst: 4. April 2006, 17:08  Rookie Registriert: 21. März 2006, 16:12 Beiträge: 8 Wohnort: Heidelberg Hallo zusammen Ich möchte kurz aufzeigen, wo der 3. RTCB stattfinden wird: Die Ortschaft Orscholz liegt ca. 55 KM westlich von Saarbrücken, also kurz vor der Grenze nach Frankreich oder Luxenburg. Entfernungen (einfacher Weg) laut MAP24 Routenplaner wie folgt: Wasserbillig (Luxenburg) -> 35 KM Bad Dürkheim -> 165 KM Heidelberg -> 210 KM Frankfurt -> 235 KM Weil der Stadt -> 250 KM Düsseldorf -> 260 KM Stuttgart -> 270 KM Thun (Schweiz) -> 410 KM Kassel -> 420 KM Göttingen -> 460 KM München -> 480 KM Leipzig -> 610 KM Hamburg -> 640 KM Berlin -> 770 KM Stralsund -> 890 KM Laut Ingo Koch der das Treffen vor Ort organisiert, ist das Tagungshotel leicht zu finden: Interessierte CB-Funker sind wie immer recht herzlich eingeladen, am Runden-Tisch-CB-Funk teilzunehmen. Mehr Infos wird es rechtzeitig auf www.rtcb.de im Internet geben. Die DCBO wird vertreten durch Ihren Vorsitzenden Thomas Pfannebecker auch am RTCB im Saarland teilnehmen. _________________ -- Thomas Karten www.dcbo.net Nach oben       thomas.karten   Betreff des Beitrags: RTCB Tagesordnung für den 29.April 2006 Verfasst: 19. April 2006, 11:31  Rookie Registriert: 21. März 2006, 16:12 Beiträge: 8 Wohnort: Heidelberg Wie unter www.rtcb.de nachzulesen ist, wurde dort inzwischen die Tagesordnung für das Treffen am 29.April in Orscholz (bei Saarbrücken) veröffentlicht. Dort heißt es: Tagesordnung für das RTCB Treffen am 29.04.2006 TOP 1 Begrüßung durch den Gastgeber Ingo Koch TOP 2 Begrüßung durch Dieter Löchter, Kontaktperson des RTCB mit direkter Eröffnung des 3. RTCB Treffens TOP 3 Informationen über den Besuch des RTCB bei der BNETZA durch die dort mit anwesenden Personen. TOP 4 Was hat sich beim RTCB seit dem letzten Treffen getan ? Gab es Anfragen an den RTCB ? Gab es Aktivitäten beim RTCB ? TOP 5 Was hat sich im Bereich CB-Funk seit dem letzten RTCB Treffen getan ? TOP 6 Tätigkeitsbericht der Kontaktperson Dieter Löchter TOP 7 Neuwahl einer Kontaktperson für die Dauer bis zum nächsten RTCB TOP 8 Öffentliches Auftreten des RTCB (Internet, Infostände, Behörde, etc). Was ist gut, was kann verbessert werden, was muss getan werden. TOP 9 Virtuelle / persönliche Treffen des RTCB. Diskussion über den Sinn von \"virtuellen\" Treffen. Reichen (z.B.) 2 persönliche Treffen des RTCB pro Jahr aus ? TOP 10 Digitaler PMR Funk (DMR 446). Neue Möglichkeiten für den Jedermannfunk ? TOP 11 Gespräche mit anderen Gruppen und Organisationen. Soll der RTCB auf andere zu gehen ? TOP 12 Gespräche mit den Netzwerkbetreibern von eQSO und TS-Funk ? Sollte der RTCB versuchen die verschiedenen Gruppen zu vereinen ? TOP 13 Forderungen. Was können wir fordern, was müssen wir fordern ? TOP 14 Bandplan. Gespräche über die Erstellung eines Bandplanes für CB- Funk, PMR und LPD TOP 15 Verschiedenes. Nächstes Treffen des RTCB, wer wird Ausrichter ? TOP 16 Verabschiedung Es können bis zum RTCB Treffens am 29.04.2006 weitere Vorschläge für die Tagesordnung eingereicht werden, welche unter TOP 15 \"Verschiedenes\" behandelt werden. Anträge hierzu bitte per Email an info@rtcb.de bis spätestens 27.04.2006 senden. Später eingegangene Anträge können eventuell nicht mehr bearbeitet werden. Die Tagesordnung im Original ist auch als PDF unter www.rtcb.de/3/tagesordnung.pdf im Internet hinterlegt Nach oben       Marko   Betreff des Beitrags: Verfasst: 19. April 2006, 19:57  Rookie Registriert: 17. März 2006, 23:13 Beiträge: 13 Wohnort: Karlsruhe Hi, bin sehr gespannt, was bei TOP 14 handfestes rauskommt, die Mailingliste lässt da leider nichts gutes erwarten.... Gruß Marko Nach oben       thomas.karten   Betreff des Beitrags: Verfasst: 20. April 2006, 16:16  Rookie Registriert: 21. März 2006, 16:12 Beiträge: 8 Wohnort: Heidelberg Hallo Marco Ja die Diksussionist derzeit recht heftig was das Thema Bandplan anbelangt. Vermutlich wird dieses Thema auch viel Zeit in Orscholz in Anspruch nehmen. Wie ist das eigentlich mit Dir (Euch), kommt Ihr auch nach Orscholz ? Wir werden am 29.April ab Mannheim eine Art Sammeltaxi machen und einige Leute unterwegs einsammlen und mitnehmen. Wie es sich gehört, haben wir dann natürlich auch PMR und CB Funk mit an Bord. Falls Ihr auch mitkommen solltet, dann könnten wir ja in Kollone fahren. 73 _________________ -- Thomas Karten www.dcbo.net Nach oben       Marko   Betreff des Beitrags: Verfasst: 20. April 2006, 22:42  Rookie Registriert: 17. März 2006, 23:13 Beiträge: 13 Wohnort: Karlsruhe Hallo Thomas, wir werden voraussichtlich nicht beim RTCB-Treffen dabei sein können. Ich habe schon länger einen privaten Termin an dem Tag und die anderen werden voraussichtlich auch nicht kommen können. Ich muss für mich persönlich auch zugeben, dass es sehr frustrierend ist was da in der Mailingliste, aber auch direkt vom derzeitigen Sprecher so rüberkommt. Ich habe den Eindruck, dass bei einigen überhaupt kein Interesse besteht den Konsens zu suchen. Ich hoffe aber trotz allem, dass das Treffen ein greifbares Ergebnis hervorbringt. 73 de Marko DAS608 Funkfreunde Nordbaden Nach oben       thomas.karten   Betreff des Beitrags: Verfasst: 21. April 2006, 12:38  Rookie Registriert: 21. März 2006, 16:12 Beiträge: 8 Wohnort: Heidelberg Hallo Marko Du hast leider Recht mit dem was Du schreibst. Viele der RTCB Teilnehmer beharren sturr auf Ihrer Meinung. Ein wenig Toleranz würde die Sache sicherlich schnell voranbringen, aber diese fehlt derzeit. Meine bisherige Erfahrung hat gezeigt, das man sich schneller einigt, wenn man sich direkt gegenüber sitzt. Darum sind auch die persönlichen RTCB Treffen durchaus gerechtfertigt, so meine Meinung. Du hast den Ausdruck SPRECHER in Zusammehang mi8t dem RTCB genannt. Dieter Löchter ist die RTCB KONTAKTPERSON. Einigen RTCB Teilnehmer war es sehr wichtig, das die Bezeichnung SPRECHER nicht verwendet wird. Entsprechend ist auch die Aufgabenverteilung genau festgelegt. Dieter darf Kontakte von Aussenstehenden entgegen nehmen, selbst aber eigentlich nur das nach Aussen veröffentlichen, was der RTCB beschlossen hat. Mir persönlich würde eine andere, klare und deffinierte Aufgabenteilung viel besser gefallen, jedoch versuche ich selbst auch tolernt zu sein nicht immer auf meine eigene Meinung zu bestehen. Der 29.April wird zeigen was die Teilnehmer vor Ort und zuhause bereit sind, für die Idee \"Runder Tisch CB-Funk\" zu leisten. Ohne aktive Macher wird da allerdings nicht viel zu erwarten sein, so meine private Befürchtung. _________________ -- Thomas Karten www.dcbo.net Nach oben       Marko   Betreff des Beitrags: Verfasst: 1. Mai 2006, 17:28  Rookie Registriert: 17. März 2006, 23:13 Beiträge: 13 Wohnort: Karlsruhe Hallo, was mich brennend interessieren würde ist, was bezüglich Bandplan rauskam. Gruß Marko Nach oben       thomas.karten   Betreff des Beitrags: Verfasst: 1. Mai 2006, 17:47  Rookie Registriert: 21. März 2006, 16:12 Beiträge: 8 Wohnort: Heidelberg Hallo, das Thema Bandplan wurde in Orscholz zwar besprochen, jedoch nur am Rande. Horst Garbe hatte dazu angemerkt, das er im Internet vermutlich falsch verstanden worden wäre. Bei einem Bandplan stellt er sich nur eine Empfehlung vor, keine feste Regelung, welche im Amtsblatt hinterlegt sein muss. Wesentliches zu diesem Thema gibt es leider nicht zu berichten. Die Probleme gleich zu Beginn hatten das ganze Treffen in Verzug gebracht. Anbei die Meldung von der RTCB Homepage dazu: ------------------------------------------------------------------------ Heidelberg, den 30.04.2006 Am 29.04.2006 fand in Orscholz (Saarland) das 3.Treffen des Runden Tisch CB-Funk statt. Insgesamt 12 Personen nahmen an dem Treffen im Hotel \"Saarschleife\" teil. Der für 13:00 Uhr geplante Beginn des Treffens, konnte aus organisatorischen Gründen leider nicht eingehalten werden. Der Ausrichter des Treffens (Ingo Koch von http://www.pmr446-cbfunk.de) glänzte durch Abwesenheit und ungenügende Vorbereitungen. So mussten zunächst einige Gespräche mit der Geschäftsleitung des \"Hotel zur Saarschleife\" geführt und anschl. von den RTCB Teilnehmern kräftig improvisiert werden. Die Verzögerung konnte Bernhard Flörchinger vom CBZENTRUM für die Präsentation seiner Ware gut nutzen, der extra für das RTCB Treffen angereist war. Dieter Löchter begrüßte gegen 13:55 Uhr die anwesenden Personen und eröffnete damit das 3.Treffen des RTCB. Mittels Handy (GSM / GPRS) und Notebook gelang es Thomas Karten gegen 14:30 Uhr, erste Lebenszeichen nach außen zu senden. Er teilte den noch immer wartenden Personen mit, das wegen der fehlenden DSL Verbindung keine eQSO Übertragung möglich sei. Der bereits in Bonn erfolgreich getestete Chat wurde kurzerhand neu installiert und freigeschalten. Ab ca. 14:45 Uhr konnten sich interessierte Personen im Chat über den Ablauf vor Ort informieren. Ein wesentlicher Punkt der Tagesordnung beim RTCB-Treffen war das Thema Öffentlichkeitsarbeit. Die Basis konnte bisher nicht erreicht werden, wie einige der Teilnehmer treffend festgestellt haben. Hier soll verstärkt angesetzt werden. Dieter Löchter empfahl die Einführung eines \"Kern-Team\", welches sich solchen Themen zukünftig annehmen soll. Diese Idee stieß auf positive Resonanz bei den anwesenden RTCB Teilnehmern. Die Teilnehmer des RTCB \"Kern-Teams\" und Ihre Aufgaben: Dieter Löchter (Kontaktperson) Michael Vogl (Sprach - und Datennetzwerke) Thomas Pfannebecker (Koordination und Information) Thomas Karten (Koordination und Information) In diesem Zusammenhang kam die Idee auf, den RTCB auch auf Messen zukünftig zu präsentieren. Als eine der möglichen Messen wurde die Hobby Electronic in Stuttgart genannt. Hierzu sollen Gespräche in kürze mit den Verantwortlichen in Stuttgart geführt werden. Michael Vogl hat sich angeboten das nächste Treffen des RTCB im Großraum Düsseldorf auszurichten. Als Termin wurde der 11.November genannt, der Termin ist jedoch noch unbestätigt. Dieser Vorschlag wurde von den anwesenden Teilnehmern angenommen. Henning Gajek gab zu verstehen, das ein RTCB Treffen einen gewissen Standart erfüllen sollte. Das erste Treffen in Bad Dürkheim hat gezeigt, das eine Funkeinweisung ebenso wie ein Funkfachhändler, einfach dazu gehören. Thomas Karten sagte weiterhin, das man zukünftig verstärkt auf eine mögliche Internet-Anbindung achten sollte. Die Übertragung solcher Treffen via eQSO oder TS-Funk sollten einfach möglich sein. Das RTCB Treffen endete gegen 17 Uhr. _________________ -- Thomas Karten www.dcbo.net Nach oben       Christian   Betreff des Beitrags: Neuer RTCB - Auftritt Verfasst: 2. Mai 2006, 12:24  Chefadministrator Registriert: 13. Februar 2006, 22:38 Beiträge: 137 Wohnort: Walzbachtal Während sich beim RTCB inhaltliche Debakel zur Zeit nicht leugnen lassen, so hat er seit gestern, 01.05., zumindest den öffentlichen Auftritt entscheidend verbessert: RTCB Mit integriertem Forum und beispielhafter Übersicht präsentiert sich die Homepage im zeitgemäßen Design. Betreut wird sie nunmehr von den DCBO-Führungskräften Thomas Pfannebecker und Thomas Karten. Möge die Doppelbelastung sie nicht unterkriegen! Gruss Christian _________________ Mach mit - sei CBAktiv! ___________ \"You're not married or have a girlfriend and you've never watched Star Trek?\" \"No.\" \"Good lord.\" Patrick Stewart Nach oben       Marko   Betreff des Beitrags: Verfasst: 3. Mai 2006, 20:17  Rookie Registriert: 17. März 2006, 23:13 Beiträge: 13 Wohnort: Karlsruhe Zur Notwendigkeit von Bandplänen auf CB: http://16805.rapidforum.com/topic=106175334436 Gruß Marko Anmerkung des Admins: Der Einfachheit halber habe ich nachfolgend den wesentlichen Teil des genannten Beitrags im Klartext eingefügt. Bei der Staffel ein wenig off-topic Es kam dort aber zu massiven Störungen von Teilnehmern: Einmal hier beim Heinz : Den Knüppel gebe ich gerne zurück. Bin ich der einzige, der Gateway auf der Frequenz hatte?? Bei mir kamen sie auf Kanal 2 FM mit über 9+10 bei mir an. Aus dem Raum Köln und Berlin. Der Christian mit seiner Gruppe hatte da keine Chance mehr. Den hatte ich auf Kanal 37 FM (S9+7) noch getroffen, wo er fleißig am koordinieren war, welche Station er zuerst rein läßt. Christian, bist du überhaupt zum Würstchen essen gekommen? ______________________________________________________________ und beim Heiko: Ob Absicht Oder Nicht..... Wenn Zur Nächsten Funkstaffel , Berg DX , Oder Sonstigen Aktionen Der Computerscheiß für diesen Kurzen Zeitzraum nicht Mal stummgeschaltet werden kann, oder eine andere regelung vereinbart wird war es für uns alle in der 33 Funkrunde Donaumoos Keine Teilnahme an solchen Aktionen mehr geben. Wir haben hier bei uns keinerlei ausweichmöglichkeiten mehr ..da absolut jeder geignete Berg mit so einem dingens bestückt is. Will ja nun nicht das jammern anfagen..aber wir haben in letzter zeit auf so viel verzichten müssen damit wir uns einmal die 250 Km fahrt Nach Wassertrüdingen haben leisten können..und dann......hört man noch nicht einmal die \"Nachbarstationen\" Danke Liebe Internet & Packet Funker Aber nach dieser Erfahrung stehen wir alle kurz davor uns langsam aber sicher wieder vom hobby CB funk zu verabschieden Achso unsere Gehörten Stationen: 80 - Krawallo /Dieter 88 - Berggeist/ Armin Es Wären fast Alle Stationen im süddeutschen raum gewesen wenn....Siehe Oben Nach oben       Beiträge der letzten Zeit anzeigen: Alle Beiträge 1 Tag 7 Tage 2 Wochen 1 Monat 3 Monate 6 Monate 1 Jahr  Sortiere nach Autor Erstellungsdatum Betreff Aufsteigend Absteigend     Seite 1 von 1  [ 13 Beiträge ]  Foren-Übersicht » CB-Funk » Verbände Alle Zeiten sind UTC [ Sommerzeit ] Wer ist online? Mitglieder in diesem Forum: 0 Mitglieder und 1 Gast Du darfst keine neuen Themen in diesem Forum erstellen. Du darfst keine Antworten zu Themen in diesem Forum erstellen. Du darfst deine Beiträge in diesem Forum nicht ändern. Du darfst deine Beiträge in diesem Forum nicht löschen. Du darfst keine Dateianhänge in diesem Forum erstellen. Suche nach: Gehe zu:  Wähle ein Forum aus ------------------ CBaktiv    Rund ums Board Treffpunkt    Jedermannfunk allgemein    Off Topic    Hallo hier bin ich!    Wer ist wo QRV? CBMarkt    Meinungen    Diskussion    Aktuelles CB-Funk    Nachrichten und Neues    FAQ    Testberichte    Geräte    Zubehör    Pimp my CB!    Packet Radio & Co.    Veranstaltungen    Rookies only!    Verbände PMR & Co.    Nachrichten und Neues    FAQ    Testberichte    Geräte    Modifikationen    Allgemeines Allgemeines    Vorschriften    CBaktiv Markt    Links Board-Forum    Zu CBaktiv  Powered by phpBB © 2000, 2002, 2005, 2007 phpBB Group Template made by DEVPPL - Deutsche Übersetzung durch phpBB.de   ","title":"CBAktiv.de • Thema anzeigen - RTCB trifft sich wieder","desc":null,"details":{"length":17178,"language":"de","date":"2014/10/31 16:18:33","type":"application/xhtml+xml","country":""},"crawling":{"duration":"1","date":"2014/10/31 16:18:33"},"metas":[{"name":"resource-type","value":"document"},{"name":"distribution","value":"global"},{"name":"copyright","value":"2000, 2002, 2005, 2007 phpBB Group"},{"name":"keywords","value":""},{"name":"description","value":""}],"uri":{"protocol":"http","domain":"de.cbantik.cbaktiv.","url":"http://cbaktiv.cbantik.de/viewtopic.php?p=107&sid=2ff39fb90ee630345ba0ee81c4baa781"}}},{"_index":"de_content_201410","_type":"resourceQ","_id":"http://mycheck.de/strom_gas/oekostrom/index.php?phpurl=tarrifs.php?vxcp_tariffid=409741&vxcp_totalusage=4000","_score":1.0, "_source" : {"body":"     Startseite: > Strom & Gas > Ökostrom Strom & Gas Stromvergleich Ökostrom Gasvergleich       Ökostromvergleich   (Tarife erschreinen sofort online, inkl. Wechselmöglichkeit) Nützliche Infos für Ihren Vergleich Ökostrom mehr Infos Redaktionstipps Stromanbieter unsere Partner City-Special Stromlexikon Stromanbieterwechsel Stromnews schlie�en         EKS Naturstrom Doppeltarif Auf dieser Seite finden Sie Informationen zum Anbieter und zu den Kosten des von Ihnen gew�hlten Tarifs, sowie Kontaktm�glichkeiten und die Bewertung des Tarifs. Gleichzeitig sehen Sie, wie sich der Strom des von Ihnen gew�hlten Tarifs zusammensetzt und Sie k�nnen pr�fen, ob der Strom Ihren �kologischen Pr�ferenzen entspricht. Anbieter: Elektrizit�tswerk des Kantons Schaffhausen AG Tarif: EKS Naturstrom Doppeltarif Produktdetails Zielgruppe: Privat Tarifart: �ko G�ltig seit: 01.01.2014 Laufzeit: 1 Monat Verl�ngerung: 1 Monat K�ndigungsfrist: 1 Monat Preisgarantie: keine Verf�gbarkeit: EKS - Versorgungsgebiet Elektrizit�tswerk des Kantons Schaffhausen AG bietet Tarife, die in Abh�ngigkeit vom Standort variieren. Um Ihren EKS Strompreis zu berechnen, nutzen Sie bitte folgenden Rechner: Ihre Postleitzahl Stromverbrauch Stromverbrauch Ihren j�hrlichen Stromverbrauch finden Sie auf Ihrer letzten Stromrechnung. Wenn Sie Ihren Stromverbrauch nicht kennen, k�nnen Sie sich an den folgenden Durchschnittswerten orientieren: Haushaltsgr��e kWh/Jahr Singles 1.500 kWh Paare 2.800 kWh Familien 4.000 kWh Gro�familien 6.000 kWh Singles 1500 kWh Paare 2800 kWh Familien 4000 kWh Gro�familien 6000 kWh kWh/Jahr Stromquellen Regenerativ 100 % CO2-Emissionen 0 g/kWh Radioaktiver Abfall 0 g/kWh Basisjahr 2012 Zum Vergleich die Daten f�r den bundesdeutschen Durchschnitt: Kohle 45,6 % Regenerativ (EEG gef�rdert) 20,8 % Nuklear 17,1 % Erdgas 9,8 % Regenerativ 3,5 % sonstige fossile Energietr�ger 3,2 % CO2-Emissionen 522 g/kWh Radioaktiver Abfall 0,0005 g/kWh Basisjahr 2012 © 2014 Verivox GmbH - Alle Rechte vorbehalten. Verivox verwendet gr��tm�gliche Sorgfalt auf Aktualit�t, Vollst�ndigkeit und Richtigkeit der dargestellten Informationen, kann aber keine Gew�hr f�r diese oder die Leistungsf�higkeit der dargestellten Anbieter �bernehmen. Bitte beachten Sie die AGB und Datenschutzbestimmungen von Verivox.               Krankenversicherung » Private Krankenversicherung » Krankenzusatzversicherung » Pflegeversicherung » Gesetzliche Krankenversicherung Auto » KFZ Versicherung Rechtsschutz » Rechtsschutzversicherung Haftpflicht » Privathaftpflicht » Hundehaftpflicht » Pferdehaftpflicht Wohnung & Haus » Hausratversicherung » Wohngebäudeversicherung Firmenversicherung » Gewerbeversicherung Risiko & Vorsorge » Berufsunfähigkeitsversicherung » Unfallversicherung » Private Lebensversicherung » Risikolebensversicherung » Rürup-Rente » Private Rentenversicherung » Riester Rente » Eigene Immobilien Strom & Gas » Stromvergleich » Gasvergleich Geld & Kredit » Ratenkredit » Autokredit » Girokontovergleich » Tagesgeld » Festgeld » Depotkonto » Checkplan » Ihre Fragen MACH DEN MYCHECK AGB  |   DATENSCHUTZ  |   SICHERHEIT  |   QUELLEN  |   IMPRESSUM  |   NEWSLETTER MYCHECK ist ein Unternehmen der optivel AG, Copyright © 2008 - 2014, optivel alle Rechte vorbehalten. Weitere Portale von optivel: kredit24.com, preise-vergleichen.de, trip.de, fly24.com Empfehlung: yumpu.com youbuy.com Letzte Änderung: Heute, 12:19 Uhr   Aktuell 273 User online   Aktuell 273 User online 184.700 registrierte User registrieren  |   login         Krankenversicherung » Private Krankenversicherung » Krankenzusatzversicherung » Pflegeversicherung » Gesetzliche Krankenvers.   Firmenversicherung » Gewerbeversicherung   Haftpflicht » Privathaftpflicht » Hundehaftpflicht » Pferdehaftpflicht   Rechtsschutz » Rechtsschutzvers.   Wohnung & Haus » Hausratversicherung » Wohngebäudeversicherung   Auto » KFZ Versicherung         Krankenversicherung » Private Krankenversicherung » Krankenzusatzversicherung » Pflegeversicherung » Gesetzliche Krankenvers.   Firmenversicherung » Gewerbeversicherung   Haftpflicht » Privathaftpflicht » Hundehaftpflicht » Pferdehaftpflicht   Rechtsschutz » Rechtsschutzvers.   Wohnung & Haus » Hausratversicherung » Wohngebäudeversicherung   Auto » KFZ Versicherung         Krankenversicherung » Private Krankenversicherung » Gesetzliche Krankenversicherung » Pflegeversicherung   Zusatzversicherung » Krankenzusatzversicherung           Lebensversicherung » Private Lebensversicherung » Risikolebensversicherung   Versicherungen » Rentenversicherung » Riesterrente » Rüruprente » Unfallversicherung » Berufsunfähigkeitsversicherung » Pflegeversicherung   Alternativen » Eigene Immobilien             Geld » Girokontovergleich » Tagesgeld » Festgeld » Depotkonto   Kredit » Der neue Kredit für Jederman » Kreditvergleich » Autokredit » Immobilienfinanzierung » Wir suchen den passenden Kredit             Strom & Gas » Stromvergleich » Ökostrom » Gasvergleich               DSL & Handy » DSL-Flat » DSL » Telefon » Handy   Service » Kontakt » Ihre Fragen » Mach den MYCHECK   ","title":"Ökostromvergleich, neutral und unabhängig - mycheck.de","desc":"Hier vergleichen Sie alle Stromanbieter neutral, unabhängig und kostenlos. Wechseln leicht gemacht","details":{"length":5068,"language":"de","date":"2014/10/31 16:18:34","type":"application/xhtml+xml","country":""},"crawling":{"duration":"1","date":"2014/10/31 16:18:34"},"metas":[{"name":"robots","value":"index,follow"},{"name":"author","value":"optivel AG"},{"name":"publisher","value":"optivel AG"},{"name":"copyright","value":"optivel AG"},{"name":"description","value":"Hier vergleichen Sie alle Stromanbieter neutral, unabhängig und kostenlos. Wechseln leicht gemacht"},{"name":"keywords","value":"Ökostrom, Strom, Stromanbieter, Vergleich, günstig, kostenlos, neutral"},{"name":"page-topic","value":"DAS VERGLEICHSPORTAL mycheck.de"},{"name":"page-type","value":"Website"}],"uri":{"protocol":"http","domain":"de.mycheck.","url":"http://mycheck.de/strom_gas/oekostrom/index.php?phpurl=tarrifs.php?vxcp_tariffid=409741&vxcp_totalusage=4000"}}},{"_index":"de_content_201410","_type":"resourceQ","_id":"http://friseurmodelle.de/puzzle/kosmetik/abend-make-up-rosa-natuerlich.html?schwierigkeitsgrad=sehr_leicht","_score":1.0, "_source" : {"body":" Modellsuchen Galerie Fotos: Frisuren Fotos: Kosmetik Fotos: Fingernägel Puzzle Artikel Für Modelle Kostenlos registrieren Fragen & Antworten Modellbereich Für Friseure Kostenlos registrieren Fragen & Antworten Friseurbereich       Puzzle Frisuren Kosmetik Fingernägel   Galerie Frisuren Kosmetik Fingernägel   Artikelvorschau   Make-Up Die Grundlage eines perfekten Make up ist ein schöner Teint. Für den Alltag reicht vielen Frauen eine Tönungscreme, um kleinere Hautunreinheiten zu überdecken. Manchmal darf es aber auch ein bisschen mehr sein.   weiterlesen >>>     FriseurModelle.de auf Facebook! Jetzt ein FAN werden >>>     Aktuelle Modellsuche   Trendschnitt Gesucht werden Herren in Berlin.   [ Modellsuche ansehen]       FriseurModelle.de » Puzzle » Kosmetik » Abend make up rosa natürlich Abend make up rosa natürlich Puzzle Galerie: Kosmetik   Neues Puzzle per Zufallsauswahl starten   Schwierigkeitsgrad: sehr leicht leicht mittel schwer sehr schwer Abend make up rosa natürlich Ansichten: Dieses Puzzle im Zoom - Format puzzeln | zur Foto - Ansicht wechseln Weiteres Bild aus diesem Set: Lidschatten rosa mit Lidstrich       Weitere Puzzle aus dieser Galerie Ultraschallgerät Kosmetik Haarentfernung Wachs Männerkosmetik Kosmetik Und Pflege Schminken Leicht Gemacht Biologische Kosmetik Produkte Gegen Pickel Elektroepilation Mascara Wasserfest       Beliebte Bereiche auf FriseurModelle.de in der Übersicht Schwerpunkte Frisuren Galerie Fingernägel Galerie Kosmetik Galerie Modellsuchen Kostenlose Anmeldung Modelle Kostenlose Anmeldung Salons Artikel Galerie Trendfrisuren Männer Dunkelblonde Haare mit Strähnen Kurzhaarfrisuren Trends Strähnchen Bei Dunklen Haaren Frisuren Mittellange Haare Fingernägel Bilder Fingernagel Design Nageldesign Motive Uv Gel Fingernägel Künstliche Fingernägel Smokey Eye Anleitung Smoky Eyes Schminkanleitung Augen Make Up Anleitung Schminken Kleine Augen Richtig Schminken Kontakt | Impressum | Forum ","title":"Abend Make Up Rosa Natürlich » Kosmetik » Puzzle » FriseurModelle.de","desc":"Puzzletitel: Abend make up rosa natürlich. Puzzle aus der Galerie Kosmetik. Puzzleübersicht: FriseurModelle.de » Puzzle » Kosmetik » Abend make up rosa natürlich. Viel Spass beim Puzzeln","details":{"length":1950,"language":"de","date":"2014/10/31 16:18:35","type":"text/html","country":""},"crawling":{"duration":"1","date":"2014/10/31 16:18:35"},"metas":[{"name":"keywords","value":"puzzle,kategorie,kosmetik,abend,make,up,rosa,natürlich"},{"name":"description","value":"Puzzletitel: Abend make up rosa natürlich. Puzzle aus der Galerie Kosmetik. Puzzleübersicht: FriseurModelle.de » Puzzle » Kosmetik » Abend make up rosa natürlich. Viel Spass beim Puzzeln"},{"name":"robots","value":"noindex,nofollow"}],"uri":{"protocol":"http","domain":"de.friseurmodelle.","url":"http://friseurmodelle.de/puzzle/kosmetik/abend-make-up-rosa-natuerlich.html?schwierigkeitsgrad=sehr_leicht"}}},{"_index":"de_content_201410","_type":"resourceQ","_id":"http://sage-club.de/gallery/album625/s_20130411_0176","_score":1.0, "_source" : {"body":"  11.04.13 Rock@Sage   Galerie: Sage Club Gallery  Album: Rock at Sage  Album: 11.04.13 Rock@Sage                        Galerie: Sage Club Gallery  Album: Rock at Sage  Album: 11.04.13 Rock@Sage  English (US) Deutsch Powered by Gallery Version 1 ","title":"Sage Club Gallery :: 11.04.13 Rock@Sage :: s_20130411_0176","desc":null,"details":{"length":247,"language":"en","date":"2014/10/31 16:18:36","type":"text/html","country":""},"crawling":{"duration":"1","date":"2014/10/31 16:18:36"},"metas":[{"name":"content-language","value":"de-DE"}],"uri":{"protocol":"http","domain":"de.sage-club.","url":"http://sage-club.de/gallery/album625/s_20130411_0176"}}},{"_index":"de_content_201410","_type":"resourceQ","_id":"http://poller-versenkbar.de/automatik/hydraulisch?f=4259%7c4264%7c4267%7c4262","_score":1.0, "_source" : {"body":" Mein Konto Merkzettel (0)   Warenkorb Warenkorb 0 Artikel | 0,00 €* Positionen anzeigen       Home Automatik Elektromechanisch Hydraulisch Mechanisch Weitbereichsleser | RFID Zubehör RFID Sie befinden sich im Gewerblichen Kundenbereich, als Verbraucher wechseln Sie bitte in die Kundengruppe Verbraucher. Sie sind hier: Peter - Heinen / Automatik / Hydraulisch Automatik Elektromechanisch Hydraulisch Mechanisch Weitbereichsleser | RFID Zubehör RFID Presse Kundengruppen: Verbraucher Gewerbliche Kunden Öffentliche Einrichtungen   Hydraulisch versenkbare Poller Sortierung: Erscheinungsdatum Beliebtheit Niedrigster Preis Höchster Preis Artikelbezeichnung Artikel pro Seite: 12 24 36 48 Anzeige wählen:       Hydraulischer Edelstahl Poller CSA 300 Feuerverzinkt oder V2A SENSITIVER KOPF Patentiert Wandstärke: 4mm Aushub: 700mm Stromausfallsicherung DURCHMESSER: 273mm ab 3.560,00 € * *Preis exkl. MwSt. zzgl. Versandkosten vergleichen Zum Produkt Sortierung: Erscheinungsdatum Beliebtheit Niedrigster Preis Höchster Preis Artikelbezeichnung Artikel pro Seite: 12 24 36 48 Anzeige wählen:       Produktfilter Aushubgeschwindigkeit in sek. + 7,4 (1) Aushubhöhe des Zylinders + 700mm (1) Beleuchtung + LED Ring (1) Bewegungen am Tag + 2400 (1) Alle anzeigen Durchmesser + 273 mm (1) ECO-Label + Ja (1) Farbe + Dunkelgrau (1) Alle anzeigen Material + Stahl (1) Stromausfallsicherung + Optional (1) Wandstärke + 4mm (1) Alle anzeigen Werksseitige Sicherheit + Sensitiver Kopf (optional) (1) Alle anzeigen   Impressum Datenschutz AGB - Recht Versandbedingungen Referenzen Jobs Presse Kontakt Über Peter Heinen Gewerbliche Kunden Öffentliche Einrichtungen Mein Konto Peter-Heinen.de Poller24.com Handschranken24.de Drehkreuze24.com Streifenvorhänge24.de Versenkbarepoller.de Schranken24.com Kettenschranken24.de Pendeltüren24.de * Dieses Angebot richtet sich ausschließlich an gewerbliche Kunden, alle Preise sind excl. MwSt. Als Verbraucher oder Öffentliche Einrichtung wechseln Sie bitte den entsprechenden Kundenbreich. ** 14 Cent/Minute aus dem deutschen Festnetz. Mobilfunkhöchstpreis: 42 Cent/Minute ","title":"\nHydraulisch | Automatik | Peter - Heinen","desc":"Bei Poller 24 finden Sie hydraulische, versenkbare, Poller und Absperrpoller. Best-Price-Garantie. TÜV-geprüft und zertifiziert. Jetzt besuchen!","details":{"length":2101,"language":"de","date":"2014/10/31 16:18:36","type":"application/xhtml+xml","country":""},"crawling":{"duration":"1","date":"2014/10/31 16:18:36"},"metas":[{"name":"author","value":"Halvar Schmitz"},{"name":"copyright","value":"#IndexMetaCopyright#"},{"name":"robots","value":"noindex,follow"},{"name":"revisit-after","value":"15 days"},{"name":"keywords","value":"Hydraulische Poller, versenkbare Poller"},{"name":"description","value":"Bei Poller 24 finden Sie hydraulische, versenkbare, Poller und Absperrpoller. Best-Price-Garantie. TÜV-geprüft und zertifiziert. Jetzt besuchen!"},{"name":"msapplication-navbutton-color","value":"#dd4800"},{"name":"application-name","value":"Peter - Heinen"},{"name":"msapplication-starturl","value":"http://www.poller-versenkbar.de/"},{"name":"msapplication-window","value":"width=1024;height=768"}],"uri":{"protocol":"http","domain":"de.poller-versenkbar.","url":"http://poller-versenkbar.de/automatik/hydraulisch?f=4259%7c4264%7c4267%7c4262"}}},{"_index":"de_content_201410","_type":"resourceQ","_id":"http://sgsgroup.de/en/automotive/aftermarket-and-distribution/logistic-companies/verification-and-inspections/arbitration-surveys.aspx","_score":1.0, "_source" : {"body":"   What We Do Industries Agriculture & Food Automotive Chemical Construction Consumer Goods & Retail Energy Finance Industrial Manufacturing Life Sciences Logistics Mining Oil & Gas Public Sector Themes Environment Health & Safety Risk Management Sustainability Trade Training Courses and Seminars Services by type If you know the exact service you need Audit Certification Consultancy Inspection Outsourcing Testing Training Verification Solutions Chemical & Physical Analysis for Consumer Goods E-Mobility Food Traceability & Recall Product Risk Assessment, Inspection & Certification SGS Quality Mark for Consumer Goods SGS-TÜV Saar Solutions for the Aviation & Aerospace Industries Functional Safety for EE Products & Factory Sites > All Solutions   Our Company Corporate Highlights 2013 Annual Report View Annual Report View the 2013 Annual Report. Sustainability Download 2013 Highlights 2013 Sustainability HighlightsKey sustainability data and inspiring case studies (PDF 5.62MB) DISCOVER SGS Download our Group Profile Group Profile 2014SGS is the world’s leading inspection, verification, testing and certification company. (2 MB) About SGS SGS in Brief Board & Executive Management Expertise The 2014 Plan Sponsorship Careers Introduction Life at SGS Career Development Diversity Students & Graduates Recruitment & Jobs Compliance & Integrity Integrity at SGS Code of Integrity Integrity Training Report Integrity Violation Corporate Sustainability Sustainability at SGS News Center Press Room Events Training Schedule Certified Client Directories Resource Center E Subscriptions SGS Online Services Social Media Now Viewing All 3 resources <span style=\"font-size:18px\">2013 Annual Report</span> published 02/04/14 PDF Sustainability published 03/18/14 PDF DISCOVER SGS published 02/25/14 PDF Language English Language English This website is available in: ENGLISH Deutsch SGS Website Germany SGS Website Germany Text View Map View SGS Websites Worldwide To change websites, find a country in the A - Z list then choose a language. Global A B C D E F G H I J K L M N O P Q R S T U V W X Y Z Country websites Choose a language Angola PORTUGUÊS English Argentina Español English Australia English (UK) Austria English Deutsch Country websites Choose a language Bahrain English Bangladesh English Belgium NEDERLANDS Français English Brazil Português English Bulgaria English Български Country websites Choose a language Canada English Français Chile Español English China 中文 English 日本語 Colombia Español English Czech Republic English Čeština Country websites Choose a language Ecuador English Español Egypt العربية English Country websites Choose a language Finland English suomi France Français English Country websites Choose a language Germany Deutsch English Ghana English Country websites Choose a language Hong Kong English 繁體中文 Hungary Magyar English Country websites Choose a language India English (UK) Indonesia English Iran English Ireland English (UK) Italy ITALIANO English Country websites Choose a language Japan 日本語 English Country websites Choose a language Kenya English Korea 한국어 English Country websites Choose a language Latin America (Regional Website) English Español Country websites Choose a language Malaysia English Mexico Español English Middle East (Regional Website) English Mozambique PORTUGUÊS English Country websites Choose a language Netherlands NEDERLANDS English New Zealand English Nigeria English Country websites Choose a language Pakistan English Panama English Español Paraguay English Español Peru Español English Philippines English Poland English Polski Portugal PORTUGUÊS English Country websites Choose a language Romania Română English Russia РУССКИЙ English Country websites Choose a language Serbia Srpski English Singapore English South Africa English Spain Español English Switzerland English Deutsch Français ITALIANO Country websites Choose a language Taiwan 繁體中文 English Tanzania English Thailand English Turkey English Türkçe Country websites Choose a language United Kingdom English (UK) Ukraine РУССКИЙ English Uruguay English Español United States English Country websites Choose a language Vietnam English SGS Websites Worldwide To change websites, click on the map pins to find a country then choose a language. Reset Home All content areas Corporate Information Service Information News and Events Contact Contact SGS Germany GmbH Hofmannstr. 50 München, 81379 Germany t   +49 (0) 89 787475 0 f   +49 (0) 89 1250 406 4513 e   Email Us Automotive Categories Overview Mechanical Components Raw Materials Metal Chemical Testing Corrosion Testing End-of-Life Vehicle (ELV) Regulations Environmental Simulation - Auto Material Composition Testing SVHC Testing Plastics Burning Behavior End-of-Life Vehicle (ELV) Regulations Environmental Simulation - Auto Material Composition Testing Physical & Mechanical Tests SVHC Testing VOC Testing Rubber Burning Behavior End-of-Life Vehicle (ELV) Regulations Environmental Simulation - Auto Final Random Inspection - FRI Material Composition Testing Physical & Mechanical Tests SVHC Testing Natural Materials Burning Behavior End-of-Life Vehicle (ELV) Regulations Environmental Simulation - Auto Final Random Inspection - FRI Material Composition Testing SVHC Testing Textiles Burning Behavior End-of-Life Vehicle (ELV) Regulations Final Random Inspection - FRI Material Composition Testing SVHC Testing Paint & Adhesives Interior Burning Behavior Failure & Damage Analysis Hot Light Fastness, Hot Light Aging & Color Stability Material Composition Testing Physical & Mechanical Tests Exterior Burning Behavior Environmental Simulation - Auto Failure & Damage Analysis Hot Light Fastness, Hot Light Aging & Color Stability Physical & Mechanical Tests Interior Burning Behavior End-of-Life Vehicle (ELV) Regulations Environmental Simulation - Auto Failure & Damage Analysis Final Random Inspection - FRI Metrology Physical & Mechanical Tests SVHC Testing Exterior Burning Behavior Corrosion Testing End-of-Life Vehicle (ELV) Regulations Environmental Simulation - Auto Failure & Damage Analysis Final Random Inspection - FRI Metrology SVHC Testing Powertrain Combustion Engine Dynamometer Emissions Testing - Auto Failure & Damage Analysis Fuel Oil Testing Gasoline Testing Homologation Consulting Homologation - EC/ECE (e-mark, E-mark) Life Cycle Assessment Emissions Testing Emission Consulting Homologation Consulting Homologation - EC/ECE (e-mark, E-mark) Emissions Control Catalyst Analysis & Characterization Failure & Damage Analysis Drive Dynamics ABS ESP Homologation EC/ECE (e-mark, E-mark) ABS ESP Testing Driver Assistance Systems Homologation (ECECE) Failure & Damage Analysis Functional Safety Homologation Consulting Electric Drive Train Dynamometer Failure & Damage Analysis Functional Safety Homologation Consulting Life Cycle Assessment Electrical Components Power Electronics Vehicle PE Electrical Safety Certification End-of-Life Vehicle (ELV) Regulations Environmental Simulation - Auto Functional Safety Homologation EV Life Cycle Assessment OEM Requirements - Auto Electronics SVHC Testing Charging Stations Connector Systems Electrical Safety Certification Environmental Simulation - Auto Failure & Damage Analysis Functional Safety V2G Communication Wiring & Connectors Consulting Services Connectors Electrical Safety Certification Environmental Simulation - Auto Failure & Damage Analysis OEM Requirements - Auto Electronics SVHC Testing Batteries 12-24V Batteries Electrical Installations Certification Environmental Simulation - Auto Performance Testing UN Transport Test - Auto Traction Batteries Battery Abuse Testing Battery Characterization & Performance Battery Electromagnetic Compatibility Battery Life Cycle & Endurance Battery Reliability & Environmental Simulation Electrical Safety Certification Electrical Safety HV Batteries Functional Safety Performance Testing UN Transport Test - Auto Battery Management Systems Electrical Safety Certification Failure & Damage Analysis Functional Safety Homologation EV Recycling Industry Operation Standard (RIOS) Certification Control Systems & Software ECU & Software Failure & Damage Analysis Functional Safety Homologation Driver Assistance Systems Functional Safety Homologation Drive Dynamic Systems Functional Safety Homologation Active Safety Systems Functional Safety Homologation Comfort Systems Functional Safety Homologation Lighting Headlamps Failure & Damage Analysis Homologation Multimedia OEM Multimedia End-of-Life Vehicle (ELV) Regulations Environmental Simulation - Auto OEM Requirements - Auto Electronics SVHC Testing Aftermarket Multimedia End-of-Life Vehicle (ELV) Regulations Environmental Simulation - Auto SVHC Testing Vehicles & Fuels & Oil Passenger & Commercial Vehicles Legal Requirements E-Mobility Systems Sustainability Carbon Footprint Life Cycle Assessment Forestry, Agriculture & Construction Homologation Consulting Life Cycle Assessment Fuel & Oil Fuels Testing Biofuel Testing Emission Testing Engine Performance Testing Environmental Monitoring Fuel Oil Testing Gas Testing Gasoline Testing Jet Fuel Testing Microbiological Testing for Oil, Gas & Chemicals Petrochemical Testing Oil Testing Bitumen & Asphalt Testing Crude Oil & Feedstock Testing Crude Oil Assay Distillate Oil Testing Transformer Oil Testing Used Oil & Lubricant Analysis Manufacturing Audits & Certification Gap Analysis Audit INMETRO Automotive Certification Quality ISO 14001:2004 - Environmental Management Systems ISO 50001 – Certification – Energy Management Systems ISO 50001 - Energy Management Systems - Auditor/Lead Auditor Training Course ISO 50001 - Energy Management Systems - Awareness Training ISO/TS 16949 - Quality Management Systems for Automotive Industry KBA Certification OHSAS 18001 - Occupational Health & Safety Management Systems SA 8000 - Certification - Social Accountability VDA 6 - Quality Management (Suppliers in European & German Automotive Industry) Risk Management Audit Against Customer Specific Criteria ISO 22301 - Certification - Business Continuity Management Inspection Services During Production Check DUPRO Final Production Inspection Metrology Raw Materials Inspection Manufacturing Process Functional Safety Management of SVHC Training Services Awareness Training ISO 14001 - Awareness Training - Environmental Management Systems ISO 26000 - Adoption Training - Social Responsibility ISO 26000 - Awareness Training - Social Responsibility ISO 31000 - Risk Management ISO 50001 - Energy Management Systems - Awareness Training ISO 9001 - Quality Management Systems Foundation Training Course ISO/TS 16949 - Awareness Training - Quality Management Systems for Automotive Industry Lean Awareness Training OHSAS 18001 - Awareness Training - Occupational Health & Safety Management Systems Auditor Training Corporate Responsibility Training Course ISO 14001 - Environmental Management Systems Auditor/Lead Auditor Training Course ISO 14001 - Internal Auditor Training - Environmental Management Systems ISO 14064 - Auditor Training - Greenhouse Gas Accounting & Verification ISO 50001 - Energy Management Systems - Auditor/Lead Auditor Training Course ISO 50001 - Energy Management Systems - Awareness Training ISO 9001 - Quality Management Systems Auditor/Lead Auditor Training Course ISO 9001 - Quality Management Systems Internal Auditor Training Course ISO/TS 16949 - Lead Auditor Training - Quality Management Systems for Automotive Industry OHSAS 18001 – Occupational Health & Safety Management Systems – Auditor/Lead Auditor Training SA 8000 - Social Systems Auditor/Lead Auditor Training Course Verification ISO 14064 - Greenhouse Gas Accounting & Verification ISO 14067 - Carbon Footprint ISO 26000 – Performance Assessment – Social Responsibility PAS 2050 - Carbon Footprint Sustainability Report Assurance (SRA) Plant Safety In-Service Inspections Risk Based Inspections Statutory & Voluntary Inspection Aftermarket & Distribution Dealership & Workshop Brand Protection Audits Certified Pre-Owned Vehicles Audits Mystery Audits Sales Incentive Audits Standard Audits Vehicle Stock Audit Warranty Audits Incentive Audits Leasing Companies Certified Pre-Owned Vehicles Audits Remarketing Inspection Used Vehicle Inspection Vehicle Damage Assessment Vehicle Title Verification & Handling Logistic Companies Verification & Inspections Advance Cargo Information (ACI) Arbitration Surveys Final Production Inspection Imported Vehicle Inspection & Verification CIVIO Logistics Chain Damage Inspection Vehicle Condition Inspections During Logistics Chain Vehicle Quality Verification Pre-Shipment Inspection (PSI) Pre-Shipment Inspection - Cameroon Pre-Shipment Inspection - Haiti Pre-Shipment Inspection - India Pre-Shipment Inspection - Philippines Pre-Shipment Inspection - Uzbekistan Pre-Shipment Inspection - Zanzibar Product Conformity Assessment (PCA) Algeria - SGS Mandate Egypt - SGS Mandate Ethiopia – SGS Mandate India - SGS Mandate INMETRO Automotive Certification Kenya - SGS Mandate Kuwait - SGS Mandate Mongolia - SGS Mandate Nigeria – SGS Mandate Qatar - SGS Mandate Saudi Arabia - SGS Mandate Uganda - SGS Mandate Supply Chain Security ISO 28000 - Awareness Training - Supply Chain Security Management Systems ISO 28000 - Lead Auditor Training - Supply Chain Security Management Systems ISO 28000 - Supply Chain Security Management Systems TAPA FSR - Freight Security Requirements Automotive Retailers Component Qualification Conformity Assessment Regulated Products End-of-Life Vehicle (ELV) Regulations INMETRO Automotive Certification Material Composition Testing SVHC Testing Pre-Shipment Inspection (PSI) Pre-Shipment Inspection - Cameroon Pre-Shipment Inspection - Haiti Pre-Shipment Inspection - India Pre-Shipment Inspection - Philippines Pre-Shipment Inspection - Uzbekistan Pre-Shipment Inspection - Zanzibar Services Related to Supply Chain Supplier Development Supplier Qualification Retail Outlets Brand Protection Audits Material Composition Testing Standard Audits Incentive Audits Recycling Recycling Industry Operation Standard (RIOS) Certification Oil Mercury Services Recycling Industry Operation Standard (RIOS) Certification Used Oil & Lubricant Analysis Non-Organic Materials Catalyst Analysis & Characterization IMDS Services Loading Unloading Supervision (LSUS) Recycling Industry Operation Standard (RIOS) Certification Electronic Components Recycling Industry Operation Standard (RIOS) Certification Responsible Recycling Practices (R2) Certification Road Safety & Traffic Statutory Vehicle Inspection Data Management for Statutory Inspection Programs Imported Vehicle Inspection & Verification CIVIO Public Information & Education for Statutory Inspection Programs Quality Assurance & Quality Control for Statutory Inspection Programs Test Equipment Calibration & Verification Training for Vehicle Inspection Examiners & Repair Industry Vehicle Emission Test Equipment Vehicle Safety & Emission Inspections Vehicle Driver Examination & Vehicle Registration Driver Examination & Licensing Vehicle Registration Traffic Management Services Enforcement Devices - Testing Calibration & Verification Implementation & Management of Traffic Systems Speed Measurement Device Certification Vehicle Axle Load Control Services Data Management for Vehicle Axle Load Control Programs Implementation & Management of Axle Load Control Programs Training for Inspectors Vehicle Axle Load Control Inspections Consulting Legal Requirements Homologation Project Management Quality Assurance & Quality Control for Statutory Inspection Programs Quality, Health, Safety & Environment Integrated Management Systems Certifications Quality Qualicert - Service Quality Certification ServiCert - Service Certification Lean Awareness Training Quality Management Systems ISO 10002 - Quality Management - Customer Satisfaction Certification ISO 9001 – Certification – Quality Management Systems ISO 9001 - Quality Management Systems Auditor/Lead Auditor Training Course ISO 9001 - Quality Management Systems Foundation Training Course ISO 9001 - Quality Management Systems Internal Auditor Training Course Health & Safety Health, Safety & Environment Management Health, Safety & Environment Management OHSAS 18001 - Awareness Training - Occupational Health & Safety Management Systems OHSAS 18001 - Implementation Training - Occupational Health & Safety Management Systems OHSAS 18001 - Occupational Health & Safety Management Systems OHSAS 18001 – Occupational Health & Safety Management Systems – Auditor/Lead Auditor Training Safety Studies Occupational & Industrial Hygiene Ambient Air Quality Asbestos Identification Dust Fallout Monitoring Electromagnetic Field Monitoring Food Hygiene Training Hygiene Monitored Approval Scheme Indoor Air Quality (IAQ) Noise Monitoring Occupational & Industrial Hygiene Odor Measurement & Monitoring Soil Gas Monitoring Vibration Monitoring Mercury Detection, Analysis & Speciation Safety Services Environment Air, Dust, Noise, Odor & Vibration Ambient Air Quality Asbestos Identification Asbestos Management Biogenic CO2 Emissions Dust Fallout Monitoring Electromagnetic Field Monitoring Fugitive Emission Studies Indoor Air Quality (IAQ) Monitoring Volatile Air Toxins Through Canister Measurement Services Noise Monitoring Odor Measurement & Monitoring Soil Gas Monitoring Vibration Monitoring Soil Contaminated Land Studies Environmental Drilling Laboratory Analysis Landfill Management Studies Landfill Subsidence Monitoring Microbiology, Bacteriology & Ecotoxicology Studies Permeability Tests Soil & Sediment Sampling Tank Inspection Water Contaminated Land Studies Drinking & Process Water Studies Groundwater & Hydrogeological Studies Industrial & Waste Water Studies Laboratory Analysis Permeability Tests Pumping & Tracing Tests Surface Water Studies Water Footprint Verification Water Treatment Services Waste & Product Analysis of Wastes Excavated Ground Management Laboratory Analysis Landfill Management Studies Landfill Subsidence Monitoring Recycling Industry Operation Standard (RIOS) Certification Repack of Dangerous Waste Products Waste Care Waste Water Purification Studies Environmental Assessment & Management Environmental & Social Impact Assessment Environmental Due Diligence Audits Environmental Permitting & Compliance Services ISO 14001:2004 - Environmental Management Systems ISO 14001 - Awareness Training - Environmental Management Systems ISO 14001 - Environmental Management Systems Auditor/Lead Auditor Training Course ISO 14001 - Internal Auditor Training - Environmental Management Systems Safety Studies Climate Change Services Biogenic CO2 Emissions Clean Development Mechanism (CDM) EU Emission Trading Scheme (EU ETS) EU ETS Verification for the Aviation Sector ISO 14064 - Auditor Training - Greenhouse Gas Accounting & Verification ISO 14064 - Greenhouse Gas Accounting & Verification ISO 14067 - Carbon Footprint PAS 2050 - Carbon Footprint UK Carbon Reduction Commitment (UK CRC) Voluntary Activities & Other Schemes Environmental Data Management Product Safety Hazardous Substances IECEE HS Reporting Services RoHS Certificate of Conformity (CoC) RoHS for Retailers RoHS Testing SGS RoHS Certification Mark REACH Data Management Tool Impact Analysis Management & Audit of the Risks of Chemicals - MARCH Management of SVHC Pre-Registration Registration Dossier Safety Data Sheet Classification & Labeling SIEF & Third Party Representation Substance Identification SVHC Testing Emergency Response Services Emergency Communication Physical Assistance Emergency Response Services - CLP Emergency Response Services - Notification Safety Data Sheet Classification & Labeling Training Operations Safety In-Service Inspections Inspection & Technical Assistance During Turnarounds Risk Based Inspections Safety Services Safety Studies Sustainability Carbon Services Biogenic CO2 Emissions Clean Development Mechanism (CDM) EU Emission Trading Scheme (EU ETS) EU ETS Verification for the Aviation Sector ISO 14064 - Auditor Training - Greenhouse Gas Accounting & Verification ISO 14064 - Greenhouse Gas Accounting & Verification ISO 14067 - Carbon Footprint PAS 2050 - Carbon Footprint Product Carbon Footprint Mark (PCF Mark) UK Carbon Reduction Commitment (UK CRC) Voluntary Activities & Other Schemes Energy Services Energy Audit Energy Management System Establishment Energy Management Training Energy Savings Measurement and Verification (M&V) ISO 50001 – Certification – Energy Management Systems ISO 50001 - Energy Management Systems - Auditor/Lead Auditor Training Course ISO 50001 - Energy Management Systems - Awareness Training ISO 9001 - Auditor Conversion Training - Quality Management Systems Infrastructure & Building Services Chain-of-Custody Certification for Wooden Products Green Building Green Procurement Hospitality Services Indoor Environmental Quality Safety Studies Product & Packaging Emergency Response Services Environmental Communication Green Procurement ISO 14067 - Carbon Footprint Life Cycle Assessment Packaging Eco-Assessment Rating (PEAR) PAS 2050 - Carbon Footprint Product Carbon Footprint Calculation Product Carbon Footprint Mark (PCF Mark) Crop & Forest Services Chain-of-Custody Certification for Wooden Products Clean Development Mechanism (CDM) Environmental & Social Impact Assessment Forest Management Certification ISO 14064 - Greenhouse Gas Accounting & Verification Voluntary Activities & Other Schemes Waste & Recycling Services Analysis of Wastes Excavated Ground Management Laboratory Analysis Landfill Management Studies Recycling Industry Operation Standard (RIOS) Certification Repack of Dangerous Waste Products Waste Care Waste Water Purification Studies Environmental Audits BS 8555 - Certification - Implementation of Environmental Management Systems Environmental & Social Impact Assessment Environmental Due Diligence Audits ISO 14001:2004 - Environmental Management Systems SMETA Audits Economic Sustainability Anti-Corruption Audits Anti-Corruption Certification Anti-Corruption Consultancy Services Customized Audit Solutions Equator Principles - Independent Review Green Procurement ISO 22301 - Awareness Training - Business Continuity Management ISO 22301 - Business Continuity Management Auditor/Lead Auditor Training Course ISO 22301 - Certification - Business Continuity Management ISO 31000 - Awareness Training - Risk Management Social Sustainability Environmental Data Management ISO 26000 - Guidance on Social Responsibility (Performance Assessment & Training) ISO 26000 – Performance Assessment – Social Responsibility OHSAS 18001 - Occupational Health & Safety Management Systems Social Responsibility Audits Supply Chain Management Training Risk Assessment & Management Ecosystems & Biotops Risk Assessment Equator Principles - Independent Review Environmental Due Diligence Audits Groundwater Resources Risk Assessment Human Health Risk Assessment Safety Studies ISO 31000 - Awareness Training - Risk Management Technical Due Diligence Design Review & Verification Feasibility Study Site Assessments Security Management C-TPAT Audits C-TPAT Training ISO 20000 - IT Certification ISO 27001:2013 – Information Security Management Systems ISO 27001 – Awareness Training – Information Security Management Systems ISO 27001 - Information Security Management Systems Auditor/Lead Auditor Training Course ISO 27001 - Internal Auditor Training - Information Security Management Systems ISO 28000 - Awareness Training - Supply Chain Security Management Systems ISO 28000 - Supply Chain Security Management Systems TAPA FSR - Freight Security Requirements TAPA TSR - Trucking Security Requirements TickIT Certification Statutory & Voluntary Inspection Home Automotive Aftermarket & Distribution Logistic Companies Verification & InspectionsArbitration Surveys Categories Related Services & Resources Vehicle Damage Assessment ... Vehicle Damage Assessment Vehicle Condition Inspections During Logistics Chain ... Vehicle Condition Inspections During Logistics Chain Participate in the Global Management Trend SurveyThe survey will evaluate what is important for the quality, environmental and sustainability management in 2014. ... Participate in the Global Management Trend Survey Arbitration Surveys When expensive vehicles are damaged or for some reason deemed to have malfunctioned, it can sometimes be necessary to get an independent, expert opinion on what has happened and how much the damage should cost to put right. As one of the world’s leading testing and verification companies with a distinct specialism in automotive inspection, SGS can act as a completely neutral arbitrator if there is a dispute. It is possible to commission us voluntarily or a Court can request an SGS inspection. Ideally, we will seek to analyze all of the objective information and supply a detailed report so amicable resolution can be achieved. The report will contain such information as specific damage, an accurate estimate of repair costs, liability and warranty responsibility. In case of accident or incident, SGS can be contracted to investigate anything from a single car damaged in a collision, to an entire fleet that has, as cargo, been damaged in transit. We can also arbitrate on serious mechanical failure matters – such as brakes, gearbox, engine or suspension – providing independent opinion about whether a driver has caused the failure or a manufacturer or dealership is liable through fault or negligence. Resolution is likely to be much simpler with independent arbitration and our skilled inspectors are respected for their investigative and reporting skills. Email Us Automotive Services SGS Automotive ServicesAddressing customers across the automotive supply chain - SGS Automotive Services ... Now Viewing All 1 resources Automotive Services published 01/31/14 PDF Contact SGS Germany GmbH Hofmannstr. 50 München, 81379 Germany t   +49 (0) 89 787475 0 f   +49 (0) 89 1250 406 4513 e   Email Us E-SUBSCRIPTIONS Sign up to SGS publications and newsletters from your region and around the world STAY UP TO DATE. SUBSCRIBE NOW Update your subscriptions or unsubscribe Office Directory Find SGS offices and labs around the world. Office Locator Select type Corporate Head Office Country Head Office Lab Logistics Warehouse Office Regional Head Office Contact News On this latest whitepaper, SGS explains readers how to negotiate the complexities of e-mobility compliance whilst achieving commercial success. ...15. Oct 2013 SGS Publishes a New Whitepaper on the E-Mobility Challenge The first Committee Draft (CD) of the revised version of ISO 14001 was issued in March 2013 indicating a planned publication date of January 2015. The ...10. Oct 2013 ISO 14001:2015 Update – New Publication Date: May 2015 On 3rd June 2013 a first committee draft of the proposed ISO 9001 revision was issued by the International Organization for Standardization (ISO). It ...04. Sep 2013 ISO 9001:2015 Update - Committee Draft Issued View all Automotive news events Jul 09 SGS Expert Day \"RoHS II for Medical Technology\" As a manufacturer or importer of medical devices, you must implement RoHS II as early as July 22, 2014. In our laborartory in Radolfzell SGS experts give lectures about RoHS Compliance as a future part of the EU Declaration of Conformity (CE marking). View all Automotive events This site uses cookies. Find out more OK © 2014 SGS SA Legal Information Terms & Conditions Terms of Access Privacy Policy Cookie Policy Office Directory Site Map ","title":"SGS Germany - Arbitration Surveys - Automotive","desc":"SGS can act as an arbitrator during cases of dispute regarding damage or malfunction liability, ensuring claims are settled efficiently and amicably and vehicles are not delayed unnecessarily in the distribution chain.","details":{"length":27550,"language":"en","date":"2014/10/31 16:18:36","type":"application/xhtml+xml","country":""},"crawling":{"duration":"1","date":"2014/10/31 16:18:36"},"metas":[{"name":"og:image","value":"http://www.sgs.com/images/SGS_Logo_500px_RGB.jpg"},{"name":"og:title","value":"Arbitration Surveys"},{"name":"og:description","value":""},{"name":"keywords","value":"vehicle arbitration surveys, motor vehicle arbitration"},{"name":"title","value":"Arbitration Surveys from SGS"},{"name":"description","value":"SGS can act as an arbitrator during cases of dispute regarding damage or malfunction liability, ensuring claims are settled efficiently and amicably and vehicles are not delayed unnecessarily in the distribution chain."},{"name":"priority","value":""},{"name":"frequency","value":""},{"name":"creator","value":""},{"name":"SC.Item.ID","value":"{EC591551-6E82-42F3-B890-0EC4811346A4}"},{"name":"SC.Item.Owner","value":"apac\\alejandre_alegre"},{"name":"DC.Type","value":""},{"name":"DC.Date.Created","value":"2014-01-21"},{"name":"DC.Date.Published","value":"2014-01-21"},{"name":"DC.Date.Review","value":""},{"name":"DC.Date.LastUpdated","value":"2014-01-21"},{"name":"DC.Status","value":""},{"name":"Endeca.Title","value":"Arbitration Surveys"},{"name":"DCS.dcsuri","value":"/en/Automotive/Aftermarket-and-Distribution/Logistic-Companies/Verification-and-Inspections/Arbitration-Surveys.aspx"},{"name":"WT.zctp","value":"BIP"},{"name":"WT.zc2","value":"ind"},{"name":"WT.zc3","value":"aut"},{"name":"WT.srv","value":"54"},{"name":"WT.sp","value":"www;de"},{"name":"WT.zlng","value":"en"},{"name":"WT.country","value":"EU"},{"name":"WT.zuseripa","value":"37.16.72.208"}],"uri":{"protocol":"http","domain":"de.sgsgroup.","url":"http://sgsgroup.de/en/automotive/aftermarket-and-distribution/logistic-companies/verification-and-inspections/arbitration-surveys.aspx"}}},{"_index":"de_content_201410","_type":"resourceQ","_id":"http://internetblogger.de/2009/12/twickit-alternative-zu-wikipedia/comment-page-1/?replytocom=18729","_score":1.0, "_source" : {"body":" Primary Menu Search Home BloggerNetzwerk Gastartikel Hier werben Webkatalog Friends Kontakt Impressum Datenschutz Artikelverzeichnis Forum Social News Blogging-Wordpress-Web2.0 You are here: Home ∼ 2009 ∼ Dezember ∼ Twickit – Alternative zu Wikipedia Twickit – Alternative zu Wikipedia Published by Alexander on Dezember 8, 2009 | 19 Responses 1 SHARES Teilen 0 RETWEETS Tweet 0 GOOGLE +1 +1 Datenschutz-Hinweis Bei einem Klick auf diese Buttons gelangen Sie zu den jeweiligen sozialen Netzwerken. Wir haben keinen Einfluss auf den Umfang der Daten, die dort erhoben und gesammelt werden. Eine ganze Weile ist es seit meinem letzten Beitrag her, was sicherlich persönliche Gründe hat. Ich befinde mich gerade im Bewerbungsstress und nichtsdestotrotz ist mir gerade danach, ein paar neue Blogupdates zu erzeugen. Dieses Mal hat es einen Webdienst namens Twick.it erwischt, welchen ich hiermit vorstellen möchte. In der Beitragsüberschrift steht zwar etwas von Wikipedia und das auch nicht umsonst. Twick.it ist eine frei gestaltbare Enzyklopädie, wobei jeder Internetnutzer mitmachen und eigene Begriffe sowie Definitionen einstellen kann. Hier ist es etwas anders als bei Wikipedia und die eingstellten Twicks, so nenne ich das hier mal, sind mehr oder weniger relevant. Ihr wisst ja, dass es bei Wikipedia um die Themenrelevanz der eingstellten Inhalte geht, wobei es dort eigene Bewertungskriterien dazu gibt. Zum Thema Wikipedia möchte ich mich gar nicht vertiefen, da es nicht der Themenschwerpunkt dieses Beitrags ist. Ich bin bei Twick.it noch nicht lange dabei und bevor man darüber eigene Urteile fällt, sollte man auf jeden Fall die grundlegenden Projektinfos im Twick-it-Blog durchlesen. Das Funktionsprinzip von Twick.it ist einfach und dabei hat man die Möglichkeit anhand der 140 zur Verfügung stehenden Zeichen einen bestimmten Begriff oder eine Definition zu erläutern. Ihr werdet sagen, wozu braucht man diesen Dienst, da man im Web und den SuMas so oder so jede erdenkliche Info finden kann. Das ist richtig. Bei diesem Projekt kann man obendrein mitmachen und eigene Kenntnisse und Wissen weitergeben. Das artet dann in 140-Zeichen lange Twicks aus. Man meldet sich an, füllt ein paar persönliche Daten aus, hat die Möglichkeit einen Twitter-bzw-Bloglink zu setzen und schon kann es losgehen. Es gibt auch die optionale Funktion, Infolinks zu eigens erstellten Twicks einzubinden. Dafür gibt es ein Extra-Feld. In eurem Profil finden sich auch solche Userdaten wie Bewertungspunkte, Anzahl der Twicks und einiges mehr wieder. Anhand des TagClouds kann man ersehen, was der eine oder der andere User von sich gibt und es ist auch eine Möglichkeit, sich selbst zu testen. Manche Begriffe wurden schon erklärt und man fragt sich dann, bekomme ich das noch genauer und präziser hin? Die Option eines weiteren Twicks zum bereits erzeugten Twick kommt an dieser Stelle genau richtig. Derzeit umfasst die Plattform, dieses freie Lexikon, 200+ Nutzer und über 4000 eingestellte Twicks, was für sich spricht. Bis Ende 2010 könnten daraus locker 1000 Nutzer werden. Vorausgesetzt man würde mitmachen. Man kann allehand Begriffe einstellen, ganz gleich aus welchem Themenspektrum diese stammen mögen. Die Grundsätze des Konzepts sind schwarz auf weiss in verständlicher Art und Weise im Twick-it-Blog dargestellt worden. Des Weiteren kann ein RSS-Feed von den Usern und deren Twicks-Kanälen abonniert werden, wodurch man über diverse Themengebiete stets auf dem Laufenden bleibt. Ob es nun letztendlich eine Wikipedia-Alternative ist, muss man für sich selbst herausfinden. Fakt ist doch, dass die eigenen Twicks bestehen bleiben und nicht wegen der Nichteinhaltung der Relevanz-Kriterien entfernt werden. Das ist für mich ein immenser Pluspunkt bei diesem Lexikon-Portal. Weitere Blogger-Kollegen machten sich an dieses Projekt heran und bloggten folgendes: Tobbis-blog.de nennt es “Wikipedia in 140 Zeichen” Tweetnews.de erkennt darin eine Mischung aus Twitter + Wikipedia und das nicht ohne Grund Homeboy05.de mit positiven Impulsen über Twick.it Wie ist eure Meinung zu diesem Projekt? Nutzt ihr Wikipedia und neuerdings auch Twick.it? by Alexander Liebrecht Related posts: WikWikit – komme auf den Punkt! WikWikit ist ein Projekt, welches bereits seit einigen Tagen auf... Wikimapia – Mischung aus Google Earth, Wikipedia und Google Maps WikiMapia ist ein hervorragender, innovativer und informativer Dienst, der ähnlich... Powerset – Suchmaschine inklusive Wikipedia-Suche In den letzten Tagen wurde ich über eine neue englischsprachige... Woopra eine Alternative für Google Analytics Nun ist es soweit, dass mein Blog nach mehreren Wochen... Posted in Internet Tagged enzyklopaedie, lexikon Article written by Alexander Ich bin 32j. jung, befasse mich mit dem Blogging, dem Webmastern und bin in den bekannten Social Networks wie Twitter, Facebook und Google+ aktiv. Zudem bin ich ein bloggender Shopbetreiber und habe unter Liebrecht.cc einen Shop für Schmuck und Uhren eröffnet. Schaut mal vorbei!! Ansonsten treibe ich gerne Sport und fotografiere gelegentlich mit meiner Canon-Kamera. Follow @blogsash on Twitter. 19 Responses Page 1 of 1 1 Rostock-Blogs.de sagt: Dezember 8, 2009 um 5:52 am Twickit – Alternative zu Wikipedia http://bit.ly/4Y9LDO Antworten 2 Dr. Theobald Saxer sagt: Dezember 8, 2009 um 5:58 am Eine Interessante Idee diese Erklärmaschiene, wenngleich ich nicht glaube, dass sie eine ernsthafte Konkurrenz für Wikipedia und deren Ablegen werden wird. Für einen schnellen Überblick aber sicher ganz brachbar und witzig. Antworten 3 Twick.it - Infos sagt: Dezember 8, 2009 um 6:44 am Vielen Dank, @blogsash für deinen Blog-Beitrag über Twick.it! http://internetblogger.de/2009/12/twickit-alternative-zu-wikipedia/ Antworten 4 Twick.it - Infos sagt: Dezember 8, 2009 um 7:44 am Vielen Dank, @blogsash für deinen Blog-Beitrag über Twick.it! http://internetblogger.de/2009/12/twickit-alternative-zu-wikipedia/ Antworten 5 Markus Möller - Twick.it sagt: Dezember 8, 2009 um 8:43 am Hallo Alex, zunächst einmal vielen Dank für deinen Blog-Beitrag über Twick.it! Und natürlich auch vielen Dank dafür, dass du schon fleißig Twicks geschrieben hast. Wenn wir Twick.it realistisch betrachten, stellt die Erklärmaschine keine Alternative zu Wikipedia dar. Noch nicht! Deine Einschätzung, dass die Nutzerzahlen im kommenden Jahr stark ansteigen können, teilen wir voll und ganz. Unsere Schätzungen gehen sogar von mehr als 1000 User bis Jahresende aus. Dann -und nur dann, wenn auch genügend Leute mitmachen- sehen wir Twick.it als Ergänzung zu Wikipedia. Das ist unser Ziel fürs kommende Jahr. Lange Rede, kurzer Sinn: Wir sind zuversichtlich, dass wir die kritische Masse im Jahr 2010 erreichen werden. Das zeigt der Start, der ganz ordentlich verlaufen ist und unsere Erwartung in den ersten vier Wochen übertroffen hat. So bleibt mir nur eins zu sagen: Mitmachen, Leute! Es geht nicht ohne euch! Antworten 6 Piet sagt: Dezember 8, 2009 um 10:46 am Twick-it – freies Lexikon und Enzyklopaedie http://bit.ly/6rbpyf Antworten 7 Webnews.de sagt: Dezember 8, 2009 um 11:34 am Freies Lexikon Twickit mitgestalten… Twickit ist die moderne Art eines Lexikons. Es ist eine Webadresse, eine freie Enzyklopädie und man… Antworten 8 www.colivia.de sagt: Dezember 8, 2009 um 11:46 am Neues Lexikon mit Twickit… Mit Twickit hat der Internetnutzer eine für jeden verfügbare Enzyklopädie, um eigene Begriffserklärungen zu veröffentlichen…. Antworten 9 Youser sagt: Dezember 8, 2009 um 1:49 pm Wichtig sind in der Start-Phase vor allen Dingen die AKTIVEN Nutzer! Lieber 100, die was zu sagen haben, als 10.000 tote Accounts! Und zu sagen hat doch eigentlich jeder was, zum Beispiel über seine Lieblingsband oder seine Heimatstadt. Traut euch Leute. Bewertungen sind anonym. Es finden keine Diskussionen statt. Antworten 10 Almanach sagt: Dezember 8, 2009 um 9:40 pm Gefällt mir sehr gut die Idee! Bin gespannt, wie es bei Euch weitergeht. Danke Alex für den Hinweis Antworten 11 Dominik Hofferer sagt: Dezember 8, 2009 um 9:46 pm Wikipedia + Twitter = Twick.it ? Siehe http://bit.ly/7m8aIZ @blogsash . Viel Erfolg dem Team von @twickit_info Antworten 12 Katrin Fräbel sagt: Dezember 9, 2009 um 9:59 am Twickit – Alternative zu Wikipedia http://bit.ly/7TFtGJ Antworten 13 Thomas sagt: Dezember 9, 2009 um 5:35 pm Vielen Dank fürs erwähnen im Beitrag Lg Thomas (Homeboy05) Antworten 14 Sascha sagt: Dezember 11, 2009 um 7:50 pm Werde ich mir auf jeden Fall mal anschauen. Klingt ja interessant! .-= Sascha´s last blog .. 8 Wege um den Traffic und das Ranking im Code schon zu verbessern =-. Antworten 15 Alex sagt: Dezember 12, 2009 um 12:42 pm @Theobald, so wie ich es verstanden habe, möchten die Gründer von Twickit keine Konkurrenz für Wikipedia werden, sondern stellen eher ein ganz anderes Projekt dar. Du weisst wahrscheinlich, dass man bei Wikipedia ruckzuck entfernt werden kann, wenn man nicht relevant genug ist. Twickit lässt demnach fast alles in Form eines Begriffes einstellen und gibt den Nutzern somit mehr Freiraum. Wir schauen mal, ob man in Zukunft die ingestellten Inhalte überhaupt moderieren muss. Spam und sinnleere Erklärungen, man wird wohl solche Sachen eines Tages berücksichtigen müssen. @Markus Möller, habe über ein neues Projekt gerne berichtet . Vielen Dank für deine mehrfachen Dankensworte. Es war keine böse Absicht, die “Alternative” in der Beitragsüberschrift zu verwenden. Bei Twickit muss man nicht von vornherein Bedenken haben, dass man wegen der Irrelevanz entfernt wird. Jepp, das ist nachvollziehbar, dass die User beim Projektwachstum mithelfen können und nur so lassen sich dann eines Tages die wirklichen Ausmaße der Plattform absehen. Aber da bleibe ich auch optimistisch. @Youser, das habe ich auch schon festgestellt, dass man wirklich ein x-beliebiges Thema nehmen kann und einen eigenen Begriff twicken kann. @Almanach, Gerne doch. Kannst es noch auf jeden Fall selbst ausprobieren, ein paar Twicks in die Welt zu setzen . @Thomas, diese Verlinkungen am Beitragsende sollten bei mir wirklich und dauerhaft zur Routine werden. Keine Ursache! @Sascha, Meiner Meinung nach kann man es sich bei Gelegenheit anschauen und bei Gefallen mitmachen. Antworten 16 Linkreview.de sagt: Dezember 13, 2009 um 10:36 am Mit Twickit zur Begriffserklärung… Mit Twickit kann man eine möglichst kurze Erklärung für einen Begriff abgeben und diese selbst formulieren. Es ist ein neues Projekt und bietet maximum 140 Zeichen für eine Definitionserläuterung…. Antworten 17 Sebi sagt: Dezember 13, 2009 um 11:37 pm Habs mittlerweile mal getestet. und finde es eigentlich schon ganz lustig … auch wenn ich da jetzt nich die “Wiki-Artikel” Recherchieren kann! Bin mal gespannt, wie sich Twick it entwickeln kann! Antworten 18 Markus Möller -Twick.it sagt: März 23, 2010 um 12:30 am Und jetzt soll der Wikipedia-Artikel über Twick.it gelöscht werden. http://twick.it/blog/loeschdiskussion-twickit-in-wikipedia/ Antworten 19 Pressespiegel | Twick.it-Blog sagt: Mai 31, 2011 um 9:02 am [...] Internet und Webpromotion: Twickit – Alternative zu Wikipedia [...] Antworten Please comment with your real name using good manners. Leave a Reply to Thomas Click here to cancel reply. Name * Email * Website Comment [+] kaskus emoticons  nartzco This Blog will give regular Commentators DoFollow Status. Implemented from IT Blögg Benachrichtige mich über nachfolgende Kommentare per E-Mail. ← Previous Next → Blogsuche Zur Fotogalerie Bilder dürfen heruntergeladen werden, allerdings setzt bitte einen Link zum Bild nennt mich namentlich!! Zum Forum Search Suchen! Blogverzeichnisse Uhrenshop RSS-Feed Hier kommt ihr zu meinem RSS-Feed! Blogger-Forum-Feed Categories Allgemein (449) Blogosphaere (399) Foto (9) Internet (258) OpenSource (104) Technik (24) Twittersphere (31) WordPress (126) Tags apps blogger blogging Blogosphere blogparade cms community facebook firefox forum gewinnspiel Internet interview iphone kommentare microblogging plugins seo social-networks Software themes tools twitter webkatalog webmaster NewsletterBleibt auf dem Laufenden durch Newsletter-Abo! Ich bei Google+ Letzte Posts Kostenlose Bilder für Privat-Blogs und Privat-Webseiten Juli 4, 2014 Interview mit Mika von Webtalk-blog.de Juli 2, 2014 Blogaktion Messy Monday Juli 2, 2014 MyBB 1.6.14 erschienen und es kann upgedatet werden!! Juni 30, 2014 Neues Webmaster-Forum bei Hans entstanden und sucht nach Usern! Juni 25, 2014 Du möchtest mehr Blogleser? Dann halte mehr Vorträge! Juni 24, 2014 Blogparade zu Diskussionsforen im Internet Juni 24, 2014 Auswertung der zweiten Etappe der Kommentare-Challenge mit 2000 Kommentaren Juni 23, 2014 Erneuerungen im Design bei Depositphotos.com Juni 23, 2014 Ich bin ab nun ein Autor auf Techniksurfer.de Juni 16, 2014 Last Comments Alexander bei 10000 Kommentare kommentieren im Kommentar schreiben Wettbewerb Alexander bei 10000 Kommentare kommentieren im Kommentar schreiben Wettbewerb av100 bei 10000 Kommentare kommentieren im Kommentar schreiben Wettbewerb perfect-seo.de bei 10000 Kommentare kommentieren im Kommentar schreiben Wettbewerb perfect-seo.de bei 10000 Kommentare kommentieren im Kommentar schreiben Wettbewerb Alexander bei 10000 Kommentare kommentieren im Kommentar schreiben Wettbewerb perfect-seo.de bei Kostenlose Bilder für Privat-Blogs und Privat-Webseiten Alexander bei Kostenlose Bilder für Privat-Blogs und Privat-Webseiten Alexander bei Kostenlose Bilder für Privat-Blogs und Privat-Webseiten Thomas | Gästebett24 bei Kostenlose Bilder für Privat-Blogs und Privat-Webseiten Empfehlungen Blogger-Forum Joomla-Blog Kostenloser Webkatalog Drupal-Blog Internetblogger.ch Uhren und Schmuck Shop Ich bei Blogspot Metas Registrieren Anmelden Beitrags-Feed ( RSS) Kommentare als RSS WordPress.org Last Series Blogger-Gewinnspiele blogparade blogstoeckchen blogvorstellung Bookmarking mit TicknTalk Top Kommentierer Rainer ... (367) perfect... (289) Rainer (285) AV100 (155) Hans (151) AV100.de (102) geschen... (100) tipps-p... (84) www.joh... (46) Autokau... (34) Most Viewed 10000 Kommentare kommentieren im Kommentar schreiben Wettbewerb (5.234) Interview mit Michael Ziegler von Eckendenker.de (1.614) Blogger-Interview mit Heike Lorenz (1.208) Interview mit Jürgen Schnick von Jürgenschnick.de (570) Blogger-Interview mit Tino Dietrich von Alltagsklatsch.de (550) Primary Menu Home BloggerNetzwerk Gastartikel Hier werben Webkatalog Friends Kontakt Impressum Datenschutz Artikelverzeichnis Forum Social News Copyright © 2014 Internetblogger. Powered by WordPress and Path. Back to Top CSS Version1 ","title":"Twickit - Alternative zu Wikipedia","desc":"Eine ganze Weile ist es seit meinem letzten Beitrag her, was sicherlich persönliche Gründe hat. Ich befinde mich gerade im Bewerbungsstress und nichtsdesto","details":{"length":14574,"language":"de","date":"2014/10/31 16:18:33","type":"text/html","country":""},"crawling":{"duration":"1","date":"2014/10/31 16:18:33"},"metas":[{"name":"viewport","value":"width=device-width,initial-scale=1"},{"name":"generator","value":"WordPress 3.9.1"},{"name":"template","value":"Path 0.2.1.2"},{"name":"robots","value":"noindex,follow"},{"name":"description","value":"Eine ganze Weile ist es seit meinem letzten Beitrag her, was sicherlich persönliche Gründe hat. Ich befinde mich gerade im Bewerbungsstress und nichtsdesto"},{"name":"og:locale","value":"de_DE"},{"name":"og:type","value":"article"},{"name":"og:title","value":"Twickit - Alternative zu Wikipedia"},{"name":"og:description","value":"Eine ganze Weile ist es seit meinem letzten Beitrag her, was sicherlich persönliche Gründe hat. Ich befinde mich gerade im Bewerbungsstress und nichtsdesto"},{"name":"og:url","value":"http://internetblogger.de/2009/12/twickit-alternative-zu-wikipedia/"},{"name":"og:site_name","value":"Internetblogger"},{"name":"article:author","value":"alex.liebrecht"},{"name":"article:tag","value":"enzyklopaedie"},{"name":"article:tag","value":"lexikon"},{"name":"article:section","value":"Internet"},{"name":"article:published_time","value":"2009-12-08T03:34:51+00:00"},{"name":"article:modified_time","value":"2011-10-05T23:37:02+00:00"},{"name":"og:updated_time","value":"2011-10-05T23:37:02+00:00"},{"name":"og:image","value":"http://internetblogger.de/wp-content/uploads/2009/12/twickit_tagcloud-150x150.png"}],"uri":{"protocol":"http","domain":"de.internetblogger.","url":"http://internetblogger.de/2009/12/twickit-alternative-zu-wikipedia/comment-page-1/?replytocom=18729"}}},{"_index":"de_content_201410","_type":"resourceQ","_id":"http://4hotpics.de/support__55426.html","_score":1.0, "_source" : {"body":" Top Kategorien » Alle Kategorien anzeigen Alkohol (152) Animation (333) Augen (260) Babybilder (313) Blumen (338) Cartoon Animation (356) Cartoon Bilder (442) Danke (361) Engel (591) Fantasy Bilder (1895) Freundschaft (832) Grüße (1005) Guten Tag Texte (673) Herzen (507) Liebe Grüße (2129) Lustige Bilder (888) Menschen (208) Poesie (605) Rosen (733) Sonnenuntergang (118) Sprüche (702) Strand (47) Tierbilder (524) Urlaub (193) Schnellsuche A B C D E F G H I J K L M O P Q R S T U V W X Y Z 0 1 2 3 4 5 6 7 8 9  [ Alle ] Hauptmenüs Home Bild hochladen Meine Bilder Weiterempfehlen Support & Bildmeldungen Webseiten Empfehlung Facebook Support bei www.4hotpics.de Sie moechten dieses Bild melden!? Ihre Nachricht an unser Supportteam Ihr Name: Ihre Email: Grund: Bitte Grund der Bildmeldung auswählen Copyright Verletzung Verletzung der Persönlichkeitsrechte Bild hat rassistischen Hintergrund Bild ist zu klein Bild ist zu gross Bild ist mehrfach vorhanden Ihre Nachricht: 4Hotpics.de » Impressum » AGB » Datenschutz » Widerrufsbelehrung » Haftungshinweise » Spam Policy Ueber Uns » FAQ » Support & Hilfe Partner / Medien Copyright © 2011-2014 4hotpics.de Design by D&M agentur ","title":"kostenlose gästebuchbilder für gästebücher, gb einträge und andere webseiten","desc":"gästebuchbilder, gb bilder, gb, gb einträge, gb pics, gästebuch, kostenlose gästebuchbilder, 4crazy gb, gute nacht bilder","details":{"length":1181,"language":"de","date":"2014/10/31 16:18:34","type":"text/html","country":""},"crawling":{"duration":"1","date":"2014/10/31 16:18:34"},"metas":[{"name":"keywords","value":"gästebuchbilder, gb bilder, gb, gb einträge, gb pics, gästebuch, kostenlose gästebuchbilder, 4crazy gb, gute nacht bilder"},{"name":"description","value":"gästebuchbilder, gb bilder, gb, gb einträge, gb pics, gästebuch, kostenlose gästebuchbilder, 4crazy gb, gute nacht bilder"},{"name":"author","value":"4hotpics.de"},{"name":"author","value":"4hotpics.de"},{"name":"publisher","value":"4hotpics.de"},{"name":"copyright","value":"2014 by 4hotpics.de"},{"name":"page-topic","value":"alle"},{"name":"audience","value":"alle"},{"name":"revisit-after","value":"1 weeks"},{"name":"revisit","value":"after 7 days"},{"name":"robots","value":"index,follow"},{"name":"rating","value":"General"},{"name":"date","value":"2014-07-05"},{"name":"distribution","value":"global"},{"name":"organization","value":"4hotpics.de"},{"name":"DC.Date","value":"2014-07-05"},{"name":"DC.Creator","value":"4hotpics.de"},{"name":"DC.Subject","value":"alle"},{"name":"DC.Publisher","value":"4hotpics.de"},{"name":"DC.Type","value":"Text"},{"name":"DC.Format","value":"text/html"},{"name":"DC.Language","value":"de"},{"name":"DC.Rights","value":"4hotpics.de"},{"name":"google-site-verification","value":"U8iMXaSbSyAcl3lzCC3Lw_Vse_X3NhTlqYZL-4_g4xw"},{"name":"alexaVerifyID","value":"iDiPbr9RhI4MuzsDfkVl9pOv-0A"}],"uri":{"protocol":"http","domain":"de.4hotpics.","url":"http://4hotpics.de/support__55426.html"}}},{"_index":"de_content_201410","_type":"resourceQ","_id":"http://nywiki.de/index.php?title=dallas_bbq_upper_eastside","_score":1.0, "_source" : {"body":" Dallas BBQ Upper EastSide Aus New York-Wiki Wechseln zu: Navigation, Suche Bild Das Bild fehlt leider noch. Lage Die Karte wird geladen … {\"minzoom\":false,\"mappingservice\":\"googlemaps3\",\"type\":\"ROADMAP\",\"zoom\":14,\"types\":[\"ROADMAP\",\"SATELLITE\",\"HYBRID\",\"TERRAIN\"],\"geoservice\":\"google\",\"maxzoom\":false,\"width\":\"auto\",\"height\":\"350px\",\"centre\":false,\"title\":\"\",\"label\":\"\",\"icon\":\"\",\"visitedicon\":\"\",\"lines\":[],\"polygons\":[],\"circles\":[],\"rectangles\":[],\"copycoords\":false,\"static\":false,\"wmsoverlay\":\"\",\"layers\":[],\"controls\":[\"pan\",\"zoom\",\"type\",\"scale\",\"streetview\"],\"zoomstyle\":\"DEFAULT\",\"typestyle\":\"DEFAULT\",\"autoinfowindows\":false,\"kml\":[],\"gkml\":[],\"fusiontables\":[],\"resizable\":false,\"tilt\":0,\"kmlrezoom\":false,\"poi\":true,\"imageoverlays\":[],\"markercluster\":false,\"searchmarkers\":\"\",\"locations\":[{\"text\":\"\",\"title\":\"\",\"link\":null,\"lat\":40.7700744,\"lon\":-73.960011,\"alt\":0,\"address\":\"1265 Third Avenue, New York City, United States\",\"icon\":\"\",\"group\":\"\",\"inlineLabel\":\"\",\"visitedicon\":\"\"}]} Informationen Adresse: 1265 Third Avenue Homepage: http://www.dallasbbq.com Stand 7.09.2013 In diesem Artikel fehlt leider noch die Beschreibung. Verfasse doch einen Text, damit die anderen User Informationen zu \" Dallas BBQ Upper EastSide\" erhalten.   (Solltest Du Text hinzugefügt haben, so entferne auf der Seite bitte den Hinweis auf den bislang fehlenden Text, d. h. lösche bitte den Eintrag {{fehlender Text}}). Es gibt mehrere Filialen in New York: Dallas BBQ Bronx ~ Brooklyn ~ Chelsea ~ Co-op City ~ East Village ~ Queens ~ Uppper EastSide ~ Upper WestSide ~ Washington Heights ~ Times Square Von „ http://www.nywiki.de/index.php?title=Dallas_BBQ_Upper_EastSide&oldid=3516“ Kategorien: Diner Fehlendes Bild Seite mit Kartenmaterial Fehlender Text Meine Werkzeuge Anmelden / Benutzerkonto erstellen Namensräume Seite Diskussion Varianten Ansichten Lesen Bearbeiten Versionsgeschichte Aktionen Suche Navigation Hauptseite Zufällige Seite Letzte Änderungen 10 neueste Seiten Mitmachen Hilfe Quellen Werkzeuge Links auf diese Seite Änderungen an verlinkten Seiten Spezialseiten Druckversion Permanenter Link Diese Seite wurde zuletzt am 7. September 2013 um 22:32 Uhr geändert. Diese Seite wurde bisher 91-mal abgerufen. Datenschutz Über New York-Wiki Impressum ","title":"Dallas BBQ Upper EastSide – New York-Wiki","desc":null,"details":{"length":2264,"language":"de","date":"2014/10/31 16:18:34","type":"text/html","country":""},"crawling":{"duration":"1","date":"2014/10/31 16:18:34"},"metas":[{"name":"generator","value":"MediaWiki 1.19.7"},{"name":"ResourceLoaderDynamicStyles","value":""}],"uri":{"protocol":"http","domain":"de.nywiki.","url":"http://nywiki.de/index.php?title=dallas_bbq_upper_eastside"}}},{"_index":"de_content_201410","_type":"resourceQ","_id":"http://anglerforumnorddeutschland.de/forum-49.html","_score":1.0, "_source" : {"body":"     AnglerforumNorddeutschland.de > Allgemeines rund ums Angeln Bastelecke Benutzername Angemeldet bleiben? Kennwort Registrieren Hilfe Benutzerliste Kalender Suchen Heutige Beiträge Alle Foren als gelesen markieren Bastelecke Themen im Forum : Bastelecke Forum-Optionen Dieses Forum durchsuchen   Bewertung Thema / Autor Letzter Beitrag Antworten Hits Knoten Heiko 09.09.2013 17:25 von gofish 2 2.563 getuntes Vakuummiergerät Holly08 08.08.2011 01:13 von Serpentes 5 4.952 Hackenporsche Diggerbub 27.01.2010 14:00 von Heiko 1 1.835 Anzeige-Eigenschaften Zeige Themen 1 bis 3 von 3 Sortiert nach Titel Letztem Beitrag Erstelldatum Anzahl an Antworten Anzahl an Hits Autor Bewertung Reihenfolge Aufsteigend Absteigend Alter 1 Tag 2 Tage 7 Tage 10 Tage 14 Tage 30 Tage 45 Tage 60 Tage 75 Tage 100 Tage 365 Tage von Anfang an   Forum-Optionen Dieses Forum durchsuchen Dieses Forum als gelesen markieren Eine Ebene nach oben Dieses Forum durchsuchen : Erweiterte Suche Neue Beiträge Beliebtes Thema mit neuen Beiträgen Keine neuen Beiträge Beliebtes Thema ohne neue Beiträge Thema geschlossen     Forumregeln Es ist Ihnen nicht erlaubt, neue Themen zu verfassen. Es ist Ihnen nicht erlaubt, auf Beiträge zu antworten. Es ist Ihnen nicht erlaubt, Anhänge hochzuladen. Es ist Ihnen nicht erlaubt, Ihre Beiträge zu bearbeiten. BB-Code ist an. Smileys sind an. [IMG] Code ist an. HTML-Code ist aus. Foren-Regeln Gehe zu Benutzerkontrollzentrum Private Nachrichten Abonnements Wer ist online Foren durchsuchen Forum-Startseite Aktuelles rund ums Forum     Forum     Vorstellungen     Wünsche und Anregungen     Glückwünsche Termine und Treffpunkt     Spontane Treffen     Treffen am Wasser     Termine     Anglerstammtisch Meeresangeln     Brandungsangeln     Kutter und Bootsangeln     Watangeln     Trolling/Schleppangeln Süsswasserangeln     Friedfischangeln     Raubfischangeln     Karpfenangeln     Forellenangeln/Put and Take Angelgewässer     Ostsee     Nordsee     Elbe     Alster     Verbandsgewässer     Vereinsgewässer     Sonstige Angelgewässer Allgemeines rund ums Angeln     Angelausrüstung     Köder     Bootsecke     Angebote/Schnäppchen     Angeln im Ausland         Dänemark         Norwegen         Schweden         Niederlande     Rezepte         Räuchern     Anglerlatain     Fliegenfischen     Bastelecke Off Topic     Laberecke     Sport     Andere Hobbys     Bilder und Videos Alle Zeitangaben in WEZ +2. Es ist jetzt 17:12 Uhr. Kontakt - AnglerforumNorddeutschland.de - Archiv - Impressum - Nach oben Powered by vBulletin® Version 3.8.2 (Deutsch) Copyright ©2000 - 2014, Jelsoft Enterprises Ltd. Template-Modifikationen durch TMS ","title":"Bastelecke - AnglerforumNorddeutschland.de","desc":"Tips und Tricks zum selber Basteln","details":{"length":2647,"language":"de","date":"2014/10/31 16:18:34","type":"application/xhtml+xml","country":""},"crawling":{"duration":"1","date":"2014/10/31 16:18:34"},"metas":[{"name":"generator","value":"vBulletin 3.8.2"},{"name":"keywords","value":"Bastelecke, forum,anglerforum,board,Stint,Eisangeln,köder,Pilker,karpfen,Forellensee,hornhecht,hering,Angeln,Fischfang,Fische,Brandungsangeln,Kutterangeln,Boot,Bellyboot,Angelrolle,Angelrute,Ahrensburg,Zander,Butt,Meerforelle"},{"name":"description","value":"Tips und Tricks zum selber Basteln"},{"name":"page-type","value":"Anglerforum,Anglerbord,Anglertreff"},{"name":"page-topic","value":"Angeln,Anglerforum,Anglerbord"},{"name":"publisher","value":"AnglerforumNorddeutschland.de"},{"name":"Content-Language","value":"de"}],"uri":{"protocol":"http","domain":"de.anglerforumnorddeutschland.","url":"http://anglerforumnorddeutschland.de/forum-49.html"}}},{"_index":"de_content_201410","_type":"resourceQ","_id":"http://unihockey-pics.de/sai2011_12/suidu21_burg_chur_04.html","_score":1.0, "_source" : {"body":" Burgdorf Wizards U21 - Piranha Chur U21 5:4 (1:2, 2:2, 2:0) (Seite 4) Nächste Seite ","title":" www.unihockey-pics.de / www.sport-live.net - Sportfotografie online ","desc":"Bilder von Floorball / Unihockey-Veranstaltungen","details":{"length":85,"language":"de","date":"2014/10/31 16:18:35","type":"text/html","country":""},"crawling":{"duration":"1","date":"2014/10/31 16:18:35"},"metas":[{"name":"author","value":"Florian Büchting"},{"name":"description","value":"Bilder von Floorball / Unihockey-Veranstaltungen"},{"name":"keywords","value":"follow"},{"name":"revisit-after","value":"10 days"}],"uri":{"protocol":"http","domain":"de.unihockey-pics.","url":"http://unihockey-pics.de/sai2011_12/suidu21_burg_chur_04.html"}}},{"_index":"de_content_201410","_type":"resourceQ","_id":"http://barbies.de/viewtopic.php?f=18&p=198279&sid=03e942d127c81cf4fede013960222d77","_score":1.0, "_source" : {"body":" www.Barbies.de Deine Quelle für alle Sammler-Infos rund um Barbie und Co. Anmelden    Registrieren FAQ     Suche Aktuelle Zeit: Samstag 5. Juli 2014, 17:12 Unbeantwortete Themen | Aktive Themen Foren-Übersicht Alle Zeiten sind UTC + 1 Stunde [ Sommerzeit ] Anmelden Um Beiträge in diesem Forum anzusehen, musst du auf diesem Board registriert und angemeldet sein. Du musst in diesem Forum registriert sein, um dich anmelden zu können. Die Registrierung ist in wenigen Augenblicken erledigt und ermöglicht dir, auf weitere Funktionen zuzugreifen. Die Board-Administration kann registrierten Benutzern auch zusätzliche Berechtigungen zuweisen. Beachte bitte unsere Nutzungsbedingungen und die verwandten Regelungen, bevor du dich registrierst. Bitte beachte auch die jeweiligen Forenregeln, wenn du dich in diesem Board bewegst. Nutzungsbedingungen | Datenschutzrichtlinie Benutzername: Registrieren Passwort: Ich habe mein Passwort vergessen   Mich bei jedem Besuch automatisch anmelden   Meinen Online-Status während dieser Sitzung verbergen Foren-Übersicht Alle Zeiten sind UTC + 1 Stunde [ Sommerzeit ] Gehe zu:  Wähle ein Forum aus ------------------ Interne Forumsnachrichten    Dein barbies.de-Forum    Mitgliedervorstellung    Forumsregeln Barbie durch die Zeit [Barbie through the decades]    Vintage, MOD und Pre-Superstar (1959 - 1976)    Superstar und 80er Barbies (1977 - 1989)    Barbies ab 1990 bis heute    Collector Barbie Dolls- Spezial Ausgaben für Sammler    Silkstone Barbies    Rund um Barbie [Barbie world]    Barbie-Filme/Barbie im Film [Barbie in the movies] Andere Modepuppen [other fashion dolls]    Bild-Lilli    Fashion Royalty & Jason-Wu-Puppen    My Scene, Bratz & Monster High    Petra, Karina & Steffi Love    Disney- & Zeichentrick-Puppen [Dolls from animated films]    Verschiedene Lexikon    Fachbegriffe    Bücher & Magazine [books and magazines]    Online-Quellen    Werkstatt [tool box]    Identifizierung meiner Puppen und Zubehör    BILDER EINSTELLEN HILFE Sammlerwelt [collector's world]    Veranstaltungen [events]    Alles rund ums Sammeln [how to collect]    Sammler-Museum [collector showroom]    OOAK [one of a kind's] Marktplatz    Angebote [Sell]    Gesuche [Buy]    Vertrauensecke    Bezugsquellen    Auktionen    Eigene Auktionen Dies & Das    Sofaecke    Mediathek    Such & Find    Rat & Tat Impressum / Datenschutz / Markenschutz / AGB  Powered by phpBB® Forum Software © phpBB Group Deutsche Übersetzung durch phpBB.de ","title":"www.Barbies.de • Anmelden","desc":null,"details":{"length":2473,"language":"de","date":"2014/10/31 16:18:36","type":"application/xhtml+xml","country":""},"crawling":{"duration":"1","date":"2014/10/31 16:18:36"},"metas":[{"name":"resource-type","value":"document"},{"name":"distribution","value":"global"},{"name":"keywords","value":""},{"name":"description","value":""}],"uri":{"protocol":"http","domain":"de.barbies.","url":"http://barbies.de/viewtopic.php?f=18&p=198279&sid=03e942d127c81cf4fede013960222d77"}}},{"_index":"de_content_201410","_type":"resourceQ","_id":"http://asb-mehrgenerationenhaus.de/component/option,com_ponygallery/itemid,0/func,detail/id,617/","_score":1.0, "_source" : {"body":"     ASB Mehrgenerationenhaus Home Unser Haus Mehrgenerationenhaus? Dienstleistungen Kindertagespflege Elternberatung Mutter-/Vater-Kind-Kurberatung Kontakt Ansprechpartner Veranstaltungskalender Anfahrt Galerie Mitmachen Aktuelles und Meldungen Archiv Gefördert von Galerie Startseite » 6. April 2011 - Ausflug zum Henschelmuseum Zurück zur Kategorieübersicht   SlideShow: Start ein Bild zurück nächstes Bild 619 618 617 Klicken Sie auf das Bild, um es in Originalgröße in einem neuen Fenster zu sehen. 616 615 614 613 612 611 610 609 608 607 606 605 Zurück zur Kategorieübersicht Version 2.5.1, BUILD 20080226   ©ASB Lohfelden-Söhre Impressum ","title":"Galerie - Kategorie: 6. April 2011 - Ausflug zum Henschelmuseum - Bild:  Ausflug - ASB Mehrgenerationenhaus","desc":"Joomla - das Content Management System","details":{"length":645,"language":"de","date":"2014/10/31 16:18:34","type":"application/xhtml+xml","country":""},"crawling":{"duration":"1","date":"2014/10/31 16:18:34"},"metas":[{"name":"description","value":"Joomla - das Content Management System"},{"name":"keywords","value":"Joomla, joomla"},{"name":"Generator","value":"Joomla! - Copyright (C) 2005 - 2006 Open Source Matters. All rights reserved.JoomSEF SEO by Kanga Internet (http://www.kangainternet.com) - Web Design"},{"name":"robots","value":"index, follow"}],"uri":{"protocol":"http","domain":"de.asb-mehrgenerationenhaus.","url":"http://asb-mehrgenerationenhaus.de/component/option,com_ponygallery/itemid,0/func,detail/id,617/"}}},{"_index":"de_content_201410","_type":"resourceQ","_id":"http://unitedsteam.de/liquids-made-in-germany/zero-0mg-ml/?sid=4e38997f571c9af6a5bdfd4fe4f0496f","_score":1.0, "_source" : {"body":" Deutsch Deutsch Deutsch EUR EUR EUR GBP CHF USD Konto Konto Mein Konto Mein Artikelvergleich Mein Merkzettel Mein Wunschzettel Meine Lieblingslisten Sie haben Ihr Passwort vergessen? Kein Problem, hier können Sie ein neues Passwort einrichten. Ihre E-Mail-Adresse: Bitte Wert angeben! Bitte geben Sie eine gültige E-Mail-Adresse ein Passwort anfordern Nachdem Sie den 'Passwort anfordern'-Knopf angeklickt haben, schicken wir Ihnen eine E-Mail zu, mit der Sie Ihr Passwort ändern können. Sollten Sie innerhalb der nächsten Minuten KEINE E-Mail mit Ihren Zugangsdaten erhalten, so überprüfen Sie bitte: Haben Sie sich in unserem Shop bereits registriert? Wenn nicht, so tun Sie dies bitte einmalig im Rahmen des Bestellprozesses. Sie können dann selbst ein Passwort festlegen. Sobald Sie registriert sind, können Sie sich in Zukunft mit Ihrer E-Mail-Adresse und Ihrem Passwort einloggen. Wenn Sie sich sicher sind, dass Sie sich in unserem Shop bereits registriert haben, dann überprüfen Sie bitte, ob Sie sich bei der Eingabe Ihrer E-Mail-Adresse evtl. vertippt haben. Sollten Sie trotz korrekter E-Mail-Adresse und bereits bestehender Registrierung weiterhin Probleme mit dem Login haben und auch keine \"Passwort vergessen\"-E-Mail erhalten, so wenden Sie sich bitte per E-Mail an: info@unitedsteam.de Login Login ? Passwort merken Login Registrieren Startseite elektrische Zigaretten (12) Liquids Made in Germany (12) Zero (0mg/ml) (12) Light (6mg/ml) (7) Medium (12mg/ml) (12) High (18mg/ml) (12) Zubehör (5) FatSteam-C (9) FatSteam-T (9) MainSteam-C (10) MainSteam-T (9) SlimSteam 510-T (8) SlimSteam eCab (4) VMod (9) Allgemein (3) Sie sind hier: /  Liquids Made in Germany /  Zero (0mg/ml) Liquids Made in Germany (12) Zero (0mg/ml) (12) Light (6mg/ml) (7) Medium (12mg/ml) (12) High (18mg/ml) (12) Zero (0mg/ml) UnitedSteam/Liquids Made in Germany/Zero (0mg/ml)Artikel Liquids dieser Stärke enthalten kein Nikotin! 1 2 Nächstes Sortierung: Wählen Name Name Preis Preis Artikel pro Seite: 10 10 20 50 100 Ansicht: Galerie zweispaltig Galerie zweispaltig Galerie Liste UnitedSteam ERDBEERE 00 Grösse: Bitte wählen 10ml 50ml ab 4,95 € mehr Info UnitedSteam KIRSCH 00 Grösse: Bitte wählen 10ml 50ml ab 4,95 € mehr Info UnitedSteam CITRUSMIX 00 Grösse: Bitte wählen 10ml 50ml ab 4,95 € mehr Info UnitedSteam RED-Tobacco 00 Grösse: Bitte wählen 10ml 50ml ab 4,95 € mehr Info UnitedSteam BLUE-Tobacco 00 Grösse: Bitte wählen 10ml 50ml ab 4,95 € mehr Info UnitedSteam YELLOW-Tobacco 00 Grösse: Bitte wählen 10ml 50ml ab 4,95 € mehr Info UnitedSteam MENTHOL 00 Grösse: Bitte wählen 10ml 50ml ab 4,95 € mehr Info UnitedSteam VANILLE 00 Grösse: Bitte wählen 10ml 50ml ab 4,95 € mehr Info UnitedSteam SCHOKOLADE 00 Grösse: Bitte wählen 10ml 50ml ab 4,95 € mehr Info UnitedSteam SPEARMINT 00 Grösse: Bitte wählen 10ml 50ml ab 4,95 € mehr Info 1 2 Nächstes Newsletter Abonnieren * Alle Preise inkl. MwSt., zzgl. Versandkosten. SERVICE Kontakt Warenkorb Konto Merkzettel Mein Wunschzettel Öffentlicher Wunschzettel Dampfertreff - Fach-Forum für e-Zigaretten & e-Liquids INFORMATIONEN Impressum AGB Datenschutz Versand und Kosten Hinweise zur Batterieverordnung Widerrufsrecht Wie bestellen? Partnerprogramm Fachhandelspartner werden Newsletter MARKE JoyeTech. UnitedSteam Vapage SONSTIGE INFORMATIONEN Die eGo-T von JoyeTech Die eGo-C von JoyeTech Die eCab von JoyeTech VMod 2.0 und VMod XL Anfängertipps Bedienungsanleitungen KATEGORIEN elektrische Zigaretten (12) Liquids Made in Germany (12) Zubehör (5) © 2011 by UnitedSteam.de / buysteam UG (haftungsbeschränkt) - 50996 Köln - made with love in cologne Umfangreiches Produktsortiment in Top-Qualität und blitzschneller Versand! WARNUNG: UnitedSteam erhebt keinerlei Anspruch darauf, dass die elektrische Zigarette einen Raucher bei seiner Rauchentwöhnung zu unterstützen. Wenn Sie nikotinabhängig bzw. tabakabhängig sind und darunter leiden, konsultieren Sie Ihren Arzt und lassen Sie sich beraten, welche Möglichkeiten es gibt das Rauchen aufzugeben. Alle Preise inkl. MwSt., zzgl. Versandkosten. ","title":"e-Zigarette | UnitedSteam | Zero (0mg/ml)","desc":"Sie sind hier  Liquids Made in Germany - Zero (0mg/ml). elektrische Zigarette, elektronische Zigarette, eZigaretten","details":{"length":4045,"language":"de","date":"2014/10/31 16:18:35","type":"text/html","country":""},"crawling":{"duration":"1","date":"2014/10/31 16:18:35"},"metas":[{"name":"description","value":"Sie sind hier  Liquids Made in Germany - Zero (0mg/ml). elektrische Zigarette, elektronische Zigarette, eZigaretten"},{"name":"keywords","value":"liquids, made, germany, zero, (0mg/ml)"}],"uri":{"protocol":"http","domain":"de.unitedsteam.","url":"http://unitedsteam.de/liquids-made-in-germany/zero-0mg-ml/?sid=4e38997f571c9af6a5bdfd4fe4f0496f"}}},{"_index":"de_content_201410","_type":"resourceQ","_id":"http://sieckendiek.de/homepage/katalog/saisonfahrten.php?category=musicals&periodmonth=09&periodyear=2006","_score":1.0, "_source" : {"body":"   Home | Sitemap | Suche | Impressum | Drucken » Busreisen » Anspruch » Alle Busreisen » Bus ohne Barrieren » Reisebegleiter » Busflotte » Service » Team » Kontakt » AGB » Reisebüros » Anspruch » Angebot » Büro Warendorf » Büro Peckeloh » Reise anfragen » Regionalverkehr » Linienverkehr » Linienbusflotte » Linien & Fahrpläne » Fundbüro » Planung » Werkstatt » Kontakte » Über uns » Team » Stellenangebote » Historie » Reisebusflotte » Linienbusflotte Unsere Reisen » Städtereisen » Kurzreisen » Urlaub » Aktivreisen » Garten- und Erlebnisreisen » Winterreisen » Adventsreisen » Silvesterreisen » Schiff Ahoi! » Gruppenflugreisen » Musicals » Tagesfahrten » minimax-Reisen » Saisonfahrten » Fußball-Reisen » Eventreisen » Alle Reisen   Unsere Services » Geschäftsreise planen » Urlaubsreise planen » Gruppenreise planen » Tagesfahrt organisieren » Bus chartern » Linie anfragen » BOB mieten           gruppenundvereine.de Busreisen + Gruppenreisen     Saisonfahrten Sie hält den Sommer über nichts daheim? Dann blasen Sie mit uns die neue Reisesaison an. Wir erwarten Sie zu Saison-Eröffnungsreise im Kreis der Sieckendiek-Reisefans. Und wir feiern mit Ihnen auch das Ende eines grandiosen Reisesommers. So haben Sie Gelegenheit, Ihre Reisemacher intensiv kennenzulernen, Lob und Kritik direkt an den Mann beziehungsweise die Frau bringen zu können. Diese Reisen sind ganz speziell für Sie gemacht – unsere Stammgäste. Kommen Sie mit – wir zeigen’s Ihnen… Auf den folgenden Seiten haben Sie einen Überblick über die örtlichen Veranstaltungen. - Monat wählen - Alle Monate Januar Februar März April Mai Juni Juli August September Oktober November Dezember - Jahr wählen - Alle Jahre 2010 2011 2012 2013 2014 Alle Kategorien (0) Adventsreisen (0) Aktivreisen (0) BOB-Reisen (0) Erlebnisreisen (0) Eventreisen (0) Festtagsreisen (0) Flugreisen (0) Fußball-Reisen (0) Gartenreisen (0) Grenzgängerroute (0) Gruppenflugreisen (0) Kunstreisen (0) Kurzreisen (0) Minimax-Reisen (0) Musicals (0) Römer-Reisen (0) Saisonfahrten (0) Schiff Ahoi! (0) Schiffahoi (0) Silvesterreisen (0) Städtereisen (0) Stadtführungen (0) Tagesfahrten (0) Urlaub (0) Versmold entdecken (0) Winterreisen (0) Wohlfühlreisen (0) Alle Veranstaltungsorte Versmold Warendorf Suche Alle Reiseangebote vom Typ Musicals im September 2006 Kein Eintrag vorhanden!   » Alle Reisen durchsuchen « zurück Unsere Informationen » Veranstaltungen » Aktuelle Informationen » Info-Brief bestellen » Kataloge bestellen » Stellenangebote » Bus-Pulling 2014   Unsere Fotos » Alle aktuellen Fotogalerien Unsere Adresse Reisebüro Peckeloh Telefon 05423 9414-30 reisen@sieckendiek.de   Reisebüro Warendorf Telefon 02581 633296 warendorf@sieckendiek.de   Fritz Sieckendiek GmbH & Co. KG Bismarckstraße 7 33775 Versmold   » Alle Kontakte Richtig reisen Reisen auf hö­chs­tem Niveau garantiert das Sieckendiek- Qualitätssiegel „Richtig rei­sen“. Was wir wollen, lesen Sie hier.   Startseite | Seitenübersicht | Suche | Impressum ","title":"Omnibusbetrieb und Reisebüro Fritz Sieckendieck GmbH & Co. KG","desc":null,"details":{"length":2973,"language":"de","date":"2014/10/31 16:18:35","type":"text/html","country":""},"crawling":{"duration":"1","date":"2014/10/31 16:18:35"},"metas":[{"name":"Keywords","value":""},{"name":"Description","value":""},{"name":"author","value":"author"},{"name":"Generator","value":"Weblication® CMS"}],"uri":{"protocol":"http","domain":"de.sieckendiek.","url":"http://sieckendiek.de/homepage/katalog/saisonfahrten.php?category=musicals&periodmonth=09&periodyear=2006"}}},{"_index":"de_content_201410","_type":"resourceQ","_id":"http://revoplay.de/memberlist.php?order=asc&page=5&s=a7b3169ba9cdbdc9363fda8f07f999b8&sort=username","_score":1.0, "_source" : {"body":" Registrieren Hilfe Angemeldet bleiben? Was ist neu? Startseite Forum Neue Beiträge Hilfe Kalender Community Gruppen Bilder & Alben Benutzerliste Aktionen Alle Foren als gelesen markieren Nützliche Links Heutige Beiträge Forum-Mitarbeiter anzeigen Spenden Altis Life News Forum Beschreibung Ticket / Bug Center Ticket / Bug Center Unterstütze uns | Support us Spenden / Donate Werben für Revoplay WM Tippspiel Erweiterte Suche Benutzerliste Registrierte User sehen hier keine Werbung Benutzerliste Benutzer anzeigen # A B C D E F G H I J K L M N O P Q R S T U V W X Y Z Seite 5 von 5 Erste ... 3 4 5 Gehe zu Seite: Benutzer suchen Erweiterte Suche Ergebnis 121 bis 135 von 135 Die Suche dauerte 0,02 Sekunden. Benutzer von Revoplay.de Benutzername Registriert seit Beiträge Renommee Avatar Geburtstag therealtimmey Frischling 03.09.2012 0     Tobi59 Frischling 10.12.2011 8     Tommy Tenderfoot Frischling 16.01.2013 0     unit06 Frischling 13.05.2014 0     uofreak Frischling 03.12.2013 0     Vilan Frischling 20.11.2013 0   Vip23 Frischling 26.08.2013 0     vocup1997 Frischling 20.10.2013 0     Weißbrot Frischling 24.04.2014 0     XARNadia Frischling 11.05.2013 0     xxJ0G0xx Frischling 24.07.2013 0     Z3T4 Frischling 07.03.2013 0     zaphel Frischling 22.04.2013 0     [ALA]Kalleh Frischling 26.04.2014 1     [EMO]Sharp Frischling 16.03.2013 0     Ergebnis 121 bis 135 von 135 Seite 5 von 5 Erste ... 3 4 5 Gehe zu Seite: Gehe zu: Benutzerliste Nach oben Bereiche Benutzerkontrollzentrum Private Nachrichten Abonnements Wer ist online Foren durchsuchen Forum-Startseite Foren Arma 3 - Altis Life News und Updates zu Altis Life Regeln und Grundsätze Ingame Foren Vorstellung | Altis Storrys Gewerbeamt Polizei Bewerbung als Polizist Anleitungen für Polizisten Allgemeine Fragen und Diskussionen Revo Tactics News und Updates Allgemeine Fragen und Diskussionen Arma 2: DayZ Mod und Submods (Epoch, Origins etc) Allgemeine Fragen und Diskussionen - Server und Hilfe Revoplay.de News zu Revoplay Feedback Programierung und Scripting Arma 2/3 - DayZ Anleitungen, Scripts und Hilfe Altis Life Control Sonstiges Vorstellung Off- Topic Archiv DayZ Standalone DayZ Standalone News Allgemeine Fragen und Diskussionen - DayZ SA Tipps und Tricks / Technische Hilfe Alte DayZ Foren -- Revo Style -- Default Mobile Style -- Deutsch -- English (US) Kontakt Revoplay.de Archiv Impressum Datenschutzerklärung Nutzungsbedingungen Nach oben Über Revoplay Revoplay ist eine Gaming-Community die sich hauptsächlich mit Open-World-Spielen des Genres Survival Horror befasst! Partner Hammermaps.de Die Krone Quick Links My User CP Kontakt Follow us on Alle Zeitangaben in WEZ +2. Es ist jetzt 10:08 Uhr. Powered by vBulletin® Version 4.2.2 (Deutsch) Copyright ©2014 Adduco Digital e.K. und vBulletin Solutions, Inc. Alle Rechte vorbehalten. User Alert System provided by Advanced User Tagging (Lite) - vBulletin Mods & Addons Copyright © 2014 DragonByte Technologies Ltd. Eine Verwendung des Inhalts im Ganzen oder in Teilen ist ohne schriftliche Einwilligung strikt untersagt. Alle Rechte vorbehalten. Revoplay.de ","title":"Benutzerliste - Revoplay.de","desc":"Revoplay ist eine Gaming-Community die sich hauptsächlich mit Open-World-Spielen wie DayZ, DayZ Standalone oder DayZ Epoch des Genres Survival Horror befasst!","details":{"length":3100,"language":"de","date":"2014/10/31 16:18:35","type":"application/xhtml+xml","country":""},"crawling":{"duration":"1","date":"2014/10/31 16:18:35"},"metas":[{"name":"vb_meta_bburl","value":"http://www.revoplay.de"},{"name":"generator","value":"vBulletin 4.2.2"},{"name":"keywords","value":"Revoplay, Revoplay.de, Gaming, Server, Gaming Server, Minecraft, Minecraft Server, DayZ, Arma, Arma 2, Arma 2 OA, Arma 2 Operation Arrowhead, OA, Operation Arrowhead, deutsch, Deutschland, TS, Teamspeak, DayZ Epoch, Forum, Community, Multigaming Community, No More Room in Hell, NMRIH, Zombie, Blöcke, News, Spiele, Spiele Server"},{"name":"description","value":"Revoplay ist eine Gaming-Community die sich hauptsächlich mit Open-World-Spielen wie DayZ, DayZ Standalone oder DayZ Epoch des Genres Survival Horror befasst!"}],"uri":{"protocol":"http","domain":"de.revoplay.","url":"http://revoplay.de/memberlist.php?order=asc&page=5&s=a7b3169ba9cdbdc9363fda8f07f999b8&sort=username"}}},{"_index":"de_content_201410","_type":"resourceQ","_id":"http://egov1.kommunenonline.de/sessionnet/buergerinfo/si0041.php?__ctopic=gr&__kgrnr=34&siselect=764","_score":1.0, "_source" : {"body":"  Info       Gremium         Gremium anzeigen         Wahlperiode wechseln     Navigationshistorie:   Sitzungen  zum Inhalt |       Seitenanfang   | |   Drucken   |   Hilfe   Sitzungen Ortsteilrat Vierzehnheiligen Filter Menü Zeitraum: Wahlperiode Wahlperiode 2014 - 2019 Keine Daten gefunden.   Seitenanfang     Seitenanfang   | |   Drucken   |   Hilfe   Software: Sitzungsdienst  Session ","title":"Sitzungen Ortsteilrat Vierzehnheiligen","desc":null,"details":{"length":390,"language":"de","date":"2014/10/31 16:18:36","type":"text/html","country":""},"crawling":{"duration":"1","date":"2014/10/31 16:18:36"},"metas":[{"name":"Generator","value":"Somacos GmbH & Co. KG,http://www.somacos.de, SessionNet Version 4.4.4 bi (Layout 2)"}],"uri":{"protocol":"http","domain":"de.kommunenonline.egov1.","url":"http://egov1.kommunenonline.de/sessionnet/buergerinfo/si0041.php?__ctopic=gr&__kgrnr=34&siselect=764"}}},{"_index":"de_content_201410","_type":"resourceQ","_id":"http://lazarusforum.de/memberlist.php?mode=viewprofile&sid=3d1158fbd21aa56b17539c8a946a0649&u=1631","_score":1.0, "_source" : {"body":" Zum Inhalt Portal » Foren-Übersicht Ändere Schriftgröße Suche WissensDB Registrieren Anmelden Feed Du musst registriert und angemeldet sein, um Profile anzuschauen. Benutzername: Passwort: Ich habe mein Passwort vergessen Die Aktivierungs-E-Mail erneut senden Mich bei jedem Besuch automatisch anmelden Meinen Online-Status während dieser Sitzung verbergen   Registrieren Du musst in diesem Forum registriert sein, um dich anmelden zu können. Die Registrierung ist in wenigen Augenblicken erledigt und ermöglicht dir, auf weitere Funktionen zuzugreifen. Die Board-Administration kann registrierten Benutzern auch zusätzliche Berechtigungen zuweisen. Beachte bitte unsere Nutzungsbedingungen und die verwandten Regelungen, bevor du dich registrierst. Bitte beachte auch die jeweiligen Forenregeln, wenn du dich in diesem Board bewegst. Nutzungsbedingungen | Datenschutzrichtlinie Registrieren Switch to mobile style Portal » Foren-Übersicht Das Team • Alle Cookies des Boards löschen • Alle Zeiten sind UTC + 1 Stunde Lazarusforum 3.2 Rev.240 © monta (Johannes Müller) 2008 - 2013 Powered by phpBB® Forum Software © phpBB Group Deutsche Übersetzung durch phpBB.de porpoises-institution accuracy-worried ","title":"Anmelden • Deutsches Lazarusforum","desc":"Deutsches Lazarusforum zu Freepascal und Lazarus","details":{"length":1203,"language":"de","date":"2014/10/31 16:18:35","type":"application/xhtml+xml","country":""},"crawling":{"duration":"1","date":"2014/10/31 16:18:35"},"metas":[{"name":"resource-type","value":"document"},{"name":"distribution","value":"global"},{"name":"copyright","value":"monta 2008 bis 2012 powered by phpBB3 phpBB Group"},{"name":"keywords","value":"Freepascal, FPC, Lazarus, IDE, RAD, Pascal, Delphi, Objectpascal, LCL, VCL"},{"name":"description","value":"Deutsches Lazarusforum zu Freepascal und Lazarus"}],"uri":{"protocol":"http","domain":"de.lazarusforum.","url":"http://lazarusforum.de/memberlist.php?mode=viewprofile&sid=3d1158fbd21aa56b17539c8a946a0649&u=1631"}}},{"_index":"de_content_201410","_type":"resourceQ","_id":"http://telefonsparbuch.de/tmpl/info/telephone/offerer/index.htm?offerer=01068","_score":1.0, "_source" : {"body":" www.Telefon-Sparbuch.de  Festnetz Tarife Schnellrechner Profirechner LCR Download  Festnetz Service Anbieter Tarife Nachrichten Vanity Rechner  Informationen Infobox Lexikon Kontakt FAQ Hilfe Vielen Dank!  Prio Services GmbH  Tarife Tarifname Tarifart Vorwahl Grundgebühr Anmeldung Call by Call Call by Call 01068 - Nein  Sponsored Web Tips  Impressum | Haftungsausschluß Copyright © 1998-2008 Telefon-Sparbuch ","title":"+ Telefonsparbuch.de + 01068 / Anbieter Informationen - Telefongesellschaften zu Call by Call, Preselection, Callingcard, Ortsgespräch","desc":"Tarifvergleiche für Call by Call. Tägliche News zu Tarifänderungen. Kostenloser Least Cost Routing Service LCR für TK-Anlagen Agfeo, Auerswald, Euracom, Fritzbox... / Vanity Nummern Suche 0700 0180 0900","details":{"length":412,"language":"de","date":"2014/10/31 16:18:34","type":"text/html","country":""},"crawling":{"duration":"1","date":"2014/10/31 16:18:34"},"metas":[{"name":"ROBOTS","value":"FOLLOW,NOARCHIVE"},{"name":"language","value":"de,en"},{"name":"keywords","value":"billiger telefonieren,billig,billiger,billigertelefonieren,least,cost,Routing,lcr,günstig,preiswert,sparen,Tarife,Telefon,Telephon,telefonieren,telephonieren,Gespräch,Fax,Arcor,Debitel,Mox,Mobil,Funk,Netz,Call-by-Call,callbycall,CbC,preselection,Callback,Handy,Ortsgespräch,City-Gespräch,Telefonfestnetz,Festnetz,Netzvorwahl,Sparvorwahl,Vorwahl,Tarifrechner,TarifCheck,News,umsonst,kostenlos,vorwahlen,headset,0190,xxl,online"},{"name":"description","value":"Tarifvergleiche für Call by Call. Tägliche News zu Tarifänderungen. Kostenloser Least Cost Routing Service LCR für TK-Anlagen Agfeo, Auerswald, Euracom, Fritzbox... / Vanity Nummern Suche 0700 0180 0900"},{"name":"page-topic","value":"Telekommunikation"}],"uri":{"protocol":"http","domain":"de.telefonsparbuch.","url":"http://telefonsparbuch.de/tmpl/info/telephone/offerer/index.htm?offerer=01068"}}},{"_index":"de_content_201410","_type":"resourceQ","_id":"https://sgvsh.s-akaby.de/ecadiakiel/action?securedgetrequest_316def71=yrpjogqsbifxsi8xvqpbeckgdnbwdmdhmegmnc3zfqadhs5olrwo9zxmuiqiqbgfgtkfuszmnezhlah_fambosfs5r30touqguxys3mozdo3hl2oguwhxpfgw_bjy0oe","_score":1.0, "_source" : {"body":" 01.07.2014 23:50 Bildungskatalog Kalendarium Veranstaltungen Produkte Am System anmelden Impressum Schnellsuche Volltextsuche     Zuletzt besucht - Sitzung ist abgelaufen         Die Sitzung ist abgelaufen. Bitte melden Sie sich wieder am System an.       ecadia Learning Manager© 2003 - 2014 – STL GmbH, Release 2.9.4 vom 25.11.2012 ","title":"ecadia Learning Manager","desc":null,"details":{"length":335,"language":"de","date":"2014/10/31 16:18:34","type":"text/html","country":""},"crawling":{"duration":"1","date":"2014/10/31 16:18:34"},"metas":[],"uri":{"protocol":"https","domain":"de.s-akaby.sgvsh.","url":"https://sgvsh.s-akaby.de/ecadiakiel/action?securedgetrequest_316def71=yrpjogqsbifxsi8xvqpbeckgdnbwdmdhmegmnc3zfqadhs5olrwo9zxmuiqiqbgfgtkfuszmnezhlah_fambosfs5r30touqguxys3mozdo3hl2oguwhxpfgw_bjy0oe"}}},{"_index":"de_content_201410","_type":"resourceQ","_id":"http://bikersbude.de/wbb4/index.php/board/20-suzuki/?s=dd8799a8341d788ee3ad3d73ab5cf217e12fa534","_score":1.0, "_source" : {"body":" Anmelden oder registrieren Anmeldung Benutzername oder E-Mail-Adresse Sind Sie bereits registriert? Nein, ich möchte mich jetzt registrieren. Ja, mein Kennwort lautet: Kennwort Dauerhaft angemeldet bleiben Kennwort vergessen Anmeldung über Drittanbieter Twitter Facebook Nur Betreff durchsuchen Ergebnisse als Themen anzeigen Erweiterte Suche Portal Mitglieder Spenden Galerie Blog Kalender Mitgliederkarte Gästebuch Dashboard Partner Forum Ungelesene Beiträge Unerledigte Themen Ungelesene Beiträge Unerledigte Themen Zum Seitenende Schnellnavigation RSS-Feed Forum als gelesen markieren Bikersbude » Forum » Rund um die Bikes » Suzuki Kontrollzentrum Anmelden oder registrieren Freunde Forumsstruktur Bikersbude Dies und Das » Grüße & Glückwünsche » Lustiges Allerlei » Einfach mal Bla…. Bla…. » Politik und Meinungen » Recht, Gesetze & Urteile » Wer bin ich » Budensport » Kino, Theater & Variete » Buden Datenbankeinträge Bikersbude Forum » Infos zum Forum » Vorschläge und Ideen » Fehlermeldungen » Mitglieder Infos » Hilfe und Anfragen nur für Adressbuch User Treffen & Ausfahrten » Ausfahrten » Stammtische » Treffen & Termine » Rumgeeiert » Futterkrippen & Ställe » Tourentipps » Verkehrsinfos » Budenveranstaltungen Rund um die Bikes » Aprilia und Piaggio » Bimota » BMW » Buell & Harley-Davidson » Can-Am » Ducati » Honda » Horex » Husqvarna » Hyosung » Kawasaki » KTM » Moto Guzzi » MV Agusta » MZ » Suzuki » Triumph » Yamaha » Scooter / Roller / 125 ccm » sonstige Bikes Technikecke » Tipps und Infos rund ums Bike » Motorentechnik » Reifentechnik » Bremstechnik » Tuning » Navi, GPS & Co » Elektrik Bikersicherheit » Kleidung & Zubehör » Tipps und Tricks und Erfahrungen » Sicherheitszubehor fürs Bike » Training & Übungen Leider auch wichtig! » Unfallberichte » Polizei / Such oder ähnliche Meldungen » In Memory of........ » Der Bike Friedhof Computer & Co » Internet & Co » Viren & Co » Software » Hardware Jungenfrei ab 16 » Die Ballhupen Google Tags - Forum ABS ADAC Aprilia Autobahn BMW BMW F 650 GS BMW Motorrad GS Trophy 2010 BMW R 1200 GS BMW S 1000 RR Bike Biker Bikersbude Bude Club Davidson Ducati Enduro Harley Harley und girls Hells Angels Honda KTM Kawasaki Kawasaki Ninja MC Motorrad Motorrad Veranstaltungen Motorrad Videos Motorradfahrer Motorsport ninja zx 10r Polizei Raser Razzia Rocker Speed Triple Stau Supermoto Suzuki TRIUMPH Scrambler Triumph Yamaha bmw motorrad bmw zubehoer girls motorrad events motorrad zubehör motorradreifen motorradzubehör online werbung werbung motorroller Team » Administratoren « Admin Michael-ww » Moderatoren « Altbiker Rubina Sony » Super Moderatoren « Klaus von Mainz 1 Seite 1 von 7 2 3 4 5 6 7 Themen Thema Antworten Likes Zugriffe Letzte Antwort Suzuki verdoppelt Wartungsintervall für V-Strom 1000 Michael-ww - 18. Januar 2014, 19:14 0 202 Rückruf Suzuki GSX-R-Modelle Michael-ww - 2. Januar 2014, 09:29 0 141 Suzuki gründet den 100.000 Kilometer Club Michael-ww - 21. Dezember 2013, 03:05 0 132 Fahrbericht Suzuki V-Strom 1000 ABS: Die goldene Mitte Michael-ww - 11. Dezember 2013, 07:59 0 121 Long time no see Michael-ww - 30. November 2013, 03:40 0 94 Suzuki Winter-Service-Aktion Michael-ww - 23. November 2013, 09:16 0 97 Suzuki zeigt zwei neue Concept Bikes Michael-ww - 11. November 2013, 10:05 0 118 Suzuki gibt einen Vorgeschmack auf die Tokyo Motor Show: Recursion mit Turbolader. Sony - 30. Oktober 2013, 20:04 0 150 Suzuki ruft Sportmotorräder zurück Michael-ww - 30. Oktober 2013, 04:34 0 157 Suzuki Intruder Black Edition Modelle Michael-ww - 2. Oktober 2013, 05:27 0 138 Suzuki baut wieder große Reiseenduro Michael-ww - 24. September 2013, 06:20 0 185 Suzuki mit zwei Rabatt-Aktionen Michael-ww - 5. Juli 2013, 04:32 0 205 Suzuki-Fan-Angebot zur Superbike-IDM Michael-ww - 10. April 2013, 04:36 0 144 Suzuki Führerschein-Rabatt-Aktion und neue 35 kW-Regelung Michael-ww - 18. März 2013, 04:40 0 166 Suzuki bringt GSX-R-Modelle im Renndesign Michael-ww - 9. März 2013, 10:06 1 296 Sony 11. März 2013, 16:02 Suzuki GSX-R1000 - Story & Number Michael-ww - 27. Februar 2013, 05:44 0 151 Jubiläumsedition GSX-R1000 1 Million Sony - 20. Februar 2013, 14:03 0 197 Suzuki-Modelle jetzt extrem günstig Michael-ww - 20. Februar 2013, 04:50 1 318 Sony 20. Februar 2013, 12:16 Yoshimura / Suzuki GSXR 1340 Streetfighter Michael-ww - 22. Januar 2013, 05:47 0 236 Suzuki-Winter-Service-Aktion vom 1. November 2012 - 28. Februar 2013 Michael-ww - 12. Dezember 2012, 06:00 0 293 1 Seite 1 von 7 2 3 4 5 6 7 Statistik 135 Themen - 180 Beiträge (0,05 Beiträge pro Tag) Bikersbude » Forum » Rund um die Bikes » Darstellung Sortierung Thema Autor Datum Antworten Likes Zugriffe Letzte Antwort aufsteigend absteigend Im Zeitraum 24 Stunden 3 Tage 7 Tage 14 Tage 30 Tage 60 Tage 100 Tage 365 Tage von Anfang an Status (Keine Auswahl) Gelesen Ungelesen Geschlossen Offen Tags Aktion Aprilia Bike Biker BMW BMW F 650 GS bmw motorrad BMW S 1000 RR bmw zubehoer Davidson Ducati Enduro girls GSX-R GSXr1000 GSXR750 Harley Harley und girls Honda Kawasaki Kawasaki Ninja KTM lustige Motorrad Videos Mehrwertsteuer Motorrad motorrad bekleidung motorrad events Motorrad Messen motorrad Motorsport Motorrad News Motorrad Reifen Motorrad Sondermodelle motorrad termine Motorrad Veranstaltungen Motorrad Videos Motorradbekleidung motorradhelme motorradmessen motorradreifen motorradzubehör online werbung Rückruf Speed Triple Supermoto Suzuki Triumph werbung motorroller Yamaha Yoshimura ZX-10R Impressum Zum Seitenanfang 9. Juli 2014, 11:34 Forensoftware: Burning Board® 4.0.7, entwickelt von WoltLab® GmbH Werbung © CodeDev « Simple Blue © InsidePixel » ","title":"Suzuki - Bikersbude","desc":null,"details":{"length":5612,"language":"de","date":"2014/10/31 16:18:34","type":"text/html","country":""},"crawling":{"duration":"1","date":"2014/10/31 16:18:34"},"metas":[{"name":"viewport","value":"width=device-width, initial-scale=1"},{"name":"format-detection","value":"telephone=no"},{"name":"description","value":""},{"name":"keywords","value":"Motorrad, Biker, Rocker, Fan, Club, MC, BMW, Triumph, Suzuki, Kawasaki, Hond, Roller, Quad, Helm, Forum, Portal, Treffen, Veranstaltungen"},{"name":"og:site_name","value":"Bikersbude"}],"uri":{"protocol":"http","domain":"de.bikersbude.","url":"http://bikersbude.de/wbb4/index.php/board/20-suzuki/?s=dd8799a8341d788ee3ad3d73ab5cf217e12fa534"}}},{"_index":"de_content_201410","_type":"resourceQ","_id":"http://erfahrung-ist-zukunft.de/siteglobals/forms/pressemitteilungen/pressemitteilungen_formular.html?nn=571314&searchissued=0&searchissued.hash=5770e1b61403841224f3","_score":1.0, "_source" : {"body":" Navigation und Service Springe direkt zu: Inhalt Hauptmenü Suche Schriftgröße | Weitere Servicefunktionen Start­sei­te | In­halts­über­sicht | Hil­fe | Kon­takt | Hauptmenü Ar­beits­welt Bil­dung En­ga­ge­ment All­tag Er­fah­rungs­be­rich­te Die In­itia­ti­ve Bereichsmenu Service für Sie Suche Suchbegriff: Newslet­ter Ver­an­stal­tungs­ka­len­der RSS-Newsfeed Sie befinden sich hier: Startseite Presse Pressemeldungen Hier finden Sie Pressemitteilungen der Initiative „Erfahrung ist Zukunft“. Pressemeldung suchen: Suchergebnisse Resultate 1 bis 20 von insgesamt 37   1 2 EiZ beim \"Staatsbesuch 2013\" Rund 150.000 Gäste aus ganz Deutschland begrüßte die Bundesregierung zum Tag der offenen Tür 2013. Die Besucher informierten sich direkt vor Ort über die Arbeit in den Ministerien und machten sich ein Bild von den Stätten, an denen Politik stattfindet. Sie sprachen mit Kabinettsmitgliedern oder genossen einfach nur bei strahlendem Wetter die vielen Unterhaltungsangebote – zum Beispiel das Glücksrad am Stand von \"Erfahrung ist Zukunft\". Beitrag lesen EiZ auf der Messe \"Die 66\". Uschi Glas fordert mehr Anerkennung für Ältere Die Münchner Messe \"Die 66\" - für \"Erfahrung ist Zukunft\" (EiZ) gehört sie inzwischen zu den fixen Terminen im Jahr. Wie bereits 2012 waren wir auch in diesem Jahr wieder vor Ort. Vom 12. bis 14. April 2013 haben wir an unserem Stand mit vielen Hundert Menschen gesprochen, haben diskutiert, Fragen beantwortet und Informationsmaterial verteilt. Dieses Mal waren wir auch auf der Hauptbühne der Messe präsent: mit einem Gespräch mit der stellvertretenden Regierungssprecherin Sabine Heimbach und EiZ-Botschafterin Uschi Glas. Beitrag lesen \"Erfahrung ist Zukunft\" auf der Münchner Messe \"Die 66\" Wie im vergangenen Jahr ist die Initiative \"Erfahrung ist Zukunft\" (EiZ) auch 2013 wieder auf der Münchner Messe \"Die 66\" vertreten. Vom 12. bis 14. April können Sie persönlich mit uns sprechen, uns Fragen stellen und mit uns diskutieren. Außerdem haben Sie in diesem Jahr die Möglichkeit, die stellvertretende Regierungssprecherin Sabine Heimbach im Gespräch mit EiZ-Botschafterin Uschi Glas zu erleben. Beitrag lesen Erfahrung ist Zukunft jetzt mit RSS-Feed Sie interessieren sich für die Themen von Erfahrung ist Zukunft, haben aber nicht immer Zeit, die Website zu besuchen? Unser neuer RSS-Feed könnte die Lösung sein. Beitrag lesen Uschi Glas ist Botschafterin der Initiative \"Erfahrung ist Zukunft\" \"Erfahrung ist Zukunft\", die Initiative der Bundesregierung für ältere Menschen, hat eine Botschafterin. Die Schauspielerin Uschi Glas wird die Initiative im Jahr 2013 als prominente Fürsprecherin unterstützen. Beitrag lesen \"Staatsbesuch 2012\": Reise in die eigene Zukunft am Stand von EiZ Auch dieses Jahr hat die Bundesregierung wieder einen Tag der offenen Tür veranstaltet. Am 18. und 19. August 2012 luden Kanzleramt, Bundespresseamt und die 14 Bundesministerien Interessierte zum \"Staatsbesuch\" ein. Auch \"Erfahrung ist Zukunft\" (EiZ) war mit von der Partie. Wir boten unseren Besuchern die Möglichkeit, mittels eines speziellen Anzugs eine Art Reise in die eigene Zukunft zu unternehmen. Beitrag lesen \"Erfahrung ist Zukunft\" beim Tag der offenen Tür der Bundesregierung Auch in diesem Jahr lädt die Bundesregierung alle Bürgerinnen und Bürger zum \"Staatsbesuch\" ein. Wer schon immer einmal hinter die Kulissen des politischen Betriebes schauen wollte, wer schon immer einmal Kanzleramt, Bundesministerien und Bundespresseamt von innen sehen wollte, sollte sich die Gelegenheit nicht entgehen lassen und am 18. und 19. August ins Berliner Regierungsviertel kommen. Und wenn Sie schon einmal dort sind, kommen Sie doch auf jeden Fall am Stand von \"Erfahrung ist Zukunft\" (EiZ) im Bundespresseamt vorbei! Dort haben Sie diesmal Gelegenheit zu einer \"Zeitreise\". Beitrag lesen Messeauftritt von \"Erfahrung ist Zukunft\" bei der \"SenNova\" in Hamburg Wie im April auf der Münchner Messe \"Die 66\" war \"Erfahrung ist Zukunft\" (EiZ) im Mai auch auf der Hamburger Messe \"SenNova\" mit einem eigenen Stand vertreten. EiZ-Mitarbeiter sprachen mit Besuchern über Arbeit und Ziele der Initiative, informierten über Angebote der Bundesregierung für ältere Menschen und luden zur Teilnahme an einem Gewinnspiel ein. Beitrag lesen \"Erfahrung ist Zukunft\" auf der \"SenNova 2012\" Vom 3. bis 5. Mai 2012 findet in Hamburg der 10. Deutsche Seniorentag statt. Parallel hierzu veranstatelt die Bundesarbeitsgemeinschaft der Seniorenorganisationen (BAGSO) eine Messe für Menschen ab 50, die SenNova. \"Erfahrung ist Zukunft\" wird mit einem eigenen Stand vertreten sein. Beitrag lesen \"Erfahrung ist Zukunft\" auf der Münchener Messe \"Die 66\" Am 22. April 2012 ist in München die diesjährige Messe \"Die 66\" zu Ende gegangen. Drei Tage lang nutzten knapp 45.000 Besucher die Möglichkeit, sich über Angebote für Menschen ab 50 Jahren zu informieren. Tausende schauten am Stand von \"Erfahrung ist Zukunft\" vorbei. Beitrag lesen Treffen Sie uns auf der Messe \"Die 66\"! Live und hautnah: Vom 20. bis 22. April präsentiert sich \"Erfahrung ist Zukunft\" (EiZ) auf der Messe \"Die 66\" im Münchener Veranstaltungscenter \"M,O,C\". Besucher der Messe haben die Möglichkeit, sich vor Ort über EiZ zu informieren und direkt mit Mitarbeitern der Initiative zu sprechen. Beitrag lesen Relaunch von \"Erfahrung ist Zukunft\" ausgezeichnet Im März 2011 ist \"Erfahrung ist Zukunft\", die Initiative der Bundesregierung für Menschen der Generation Plus, mit neuem Logo, neuem Newsletter-Design und komplett überarbeitetem Internetauftritt an die Öffentlichkeit getreten. Jetzt wurde der Relaunch der Initiative im Rahmen der REBRAND 100 Global Awards 2012 ausgezeichnet. Beitrag lesen \"Erfahrung ist Zukunft\" feiert fünfjähriges Bestehen \"Erfahrung ist Zukunft\" wird heute fünf Jahre alt. Die Initiative der Bundesregierung mit Partnern aus Wirtschaft und Gesellschaft macht die Herausforderungen des demografischen Wandels bewusst und wirbt für ein positives Bild des Älterwerdens. Beitrag lesen \"Staatsbesuch\" 2011: Großer Andrang am Stand von \"Erfahrung ist Zukunft\" Unter dem Motto \"Einladung zum Staatsbesuch\" öffnete die Bundesregierung am 20 und 21. August 2011 großen und kleinen \"Staatsgästen\" die Türen des Bundeskanzleramtes, des Bundespresseamtes und der Bundesministerien. \"Erfahrung ist Zukunft\" (EiZ) war mit einem eigenen Stand im Bundespresseamt vertreten. Viele Menschen besuchten uns, sprachen mit uns über ihre Anliegen und informierten sich über die Ziele der Initiative. Beitrag lesen \"Erfahrung ist Zukunft\" beim Tag der offenen Tür der Bundesregierung Die Bundesregierung lädt zum Staatsbesuch nach Berlin ein. Am 20. und 21. August 2011 öffnet sie großen und kleinen \"Staatsgästen\" die Türen des Bundeskanzleramtes, des Bundespresseamtes und der Bundesministerien. Geboten wird Informatives, Wissenswertes und Unterhaltung. \"Erfahrung ist Zukunft\" präsentiert sich mit einem eigenen Stand im Bundespresseamt. Beitrag lesen \"Erfahrung ist Zukunft\" mit neuem Internetauftritt \"Erfahrung ist Zukunft\" will für die Chancen und Perspektiven in einer Gesellschaft mit höherer Lebenserwartung sensibilisieren. Die Initiative zum demografischen Wandel startet heute einen neuen Internetauftritt. Beitrag lesen Ältere Beschäftigte – ein Gewinn für die Region Unternehmen profitieren langfristig von den Erfahrungen ihrer älteren Beschäftigten: So lautete ein Ergebnis des Workshops \"Wirtschaft im demografischen Wandel\". Die Initiative „Erfahrung ist Zukunft“ der Bundesregierung organisierte ihn gemeinsam mit der Industrie- und Handelskammer zu Schwerin. Rund 60 Vertreterinnen und Vertreter aus Wirtschaft und Politik kamen dazu heute zusammen. Beitrag lesen Workshop: \"Wirtschaft im demografischen Wandel“ \"Wirtschaft im demografischen Wandel\": Zu diesem Thema veranstaltet die Initiative \"Erfahrung ist Zukunft\" der Bundesregierung gemeinsam mit der Industrie- und Handelskammer zu Schwerin einen Workshop. Er findet am Donnerstag, den 12. November 2009, ab 14:30 Uhr in Schwerin statt. Beitrag lesen Anteil Älterer steigt – ihre Kaufkraft auch Rund 130 Vertreterinnen und Vertreter aus Unternehmen, Verbänden und Wissenschaft trafen sich am Dienstag (6. Oktober 2009) zur Fachtagung \"Zukunftsmarkt Alter\". Auf Einladung der Initiativen \"Erfahrung ist Zukunft\" und \"Wirtschaftsfaktor Alter\" der Bundesregierung diskutierten sie über die Chancen der demografischen Entwicklung für den Handel. Die Veranstaltung fand im Haus der Wirtschaft in Stuttgart statt. Beitrag lesen Unternehmen in der Region setzen auf Ältere Erfahrung ist ein entscheidender Erfolgsfaktor für Unternehmen: Zu diesem Fazit kamen die rund 50 Teilnehmerinnen und Teilnehmer des Workshops \"Erfolgsfaktor Erfahrung\" am 16. September in Ludwigshafen. Die Initiative \"Erfahrung ist Zukunft\" der Bundesregierung organisierte die Veranstaltung gemeinsam mit der Industrie- und Handelskammer für die Pfalz. Beitrag lesen   1 2 Zusatzinformationen Ihr Anprechpartner Für Presseanfragen stehen wir Ihnen unter folgendem Kontakt gern zur Verfügung: Anschrift: MetaDesign AG Leibnizstraße 65 10629 Berlin E-Mail: presse@erfahrung-ist-zukunft.de zurück zum Seitenanfang Da­ten­schutz Im­pres­s­um Presse © 2014 Presse- und Informationsamt der Bundesregierung ","title":"Erfahrung ist Zukunft  -  Presse","desc":"Hier finden Sie Pressemitteilungen der Initiative „Erfahrung ist Zukunft“. Für Presseanfragen stehen wir Ihnen natürlich auch gerne persönlich zur Verfügung.","details":{"length":9229,"language":"de","date":"2014/10/31 16:18:34","type":"application/xhtml+xml","country":""},"crawling":{"duration":"1","date":"2014/10/31 16:18:34"},"metas":[{"name":"google-site-verification","value":"OB59sPDlC7Ia7Mq-II4MoLvLhLJqbxYVT-HyhcnYzeM"},{"name":"MSSmartTagsPreventParsing","value":"true"},{"name":"generator","value":"Government Site Builder 4.0"},{"name":"keywords","value":"Initiative, Erfahrung, Zukunft, demografisch, Wandel, Pressemitteilungen, Presseanfragen, Presse, Informationen, Themen, Beschäftigung gestalten, Existenz gründen, Lebenslang lernen, Freiwillig engagieren und Gesundheitlich vorsorgen, Ehrenamt, notwendige Veränderung, Initiieren, Potenzial, Bündeln, Vernetzen, Thema, Forum, aktives Alter, aktiv im Alter, aktiv, Alter, Senior, Rente, Rentner, aktive Rentner, Engagieren, Engagiert, Lernen, Studieren, Unternehmen gründen, motivieren, Hintergrundberichte"},{"name":"description","value":"Hier finden Sie Pressemitteilungen der Initiative „Erfahrung ist Zukunft“. Für Presseanfragen stehen wir Ihnen natürlich auch gerne persönlich zur Verfügung."}],"uri":{"protocol":"http","domain":"de.erfahrung-ist-zukunft.","url":"http://erfahrung-ist-zukunft.de/siteglobals/forms/pressemitteilungen/pressemitteilungen_formular.html?nn=571314&searchissued=0&searchissued.hash=5770e1b61403841224f3"}}},{"_index":"de_content_201410","_type":"resourceQ","_id":"http://glutifree.de/shop/system/?content=std_fernabge&func=htmlserv&tmpl=shop_text_win.html&wkid=92584388024936","_score":1.0, "_source" : {"body":" Home | Suche | Kontakt | Newsletter | Mein Konto Ihr Warenkorb: Keine Artikel. Aufstriche und Saucen Backwaren Cerealien Eis Süßspeisen Fertiggerichte Getränke Gewürzmischungen Kuchen und Kekse Mehl und Zutaten Nudeln Snacks Süßes Kundenservice  »  Widerrufsrecht Widerrufsbelehrung Widerrufsrecht Sie haben das Recht, binnen vierzehn Tagen ohne Angabe von Gründen diesen Vertrag zu widerrufen. Die Widerrufsfrist beträgt vierzehn Tage ab dem Tag an dem Sie oder ein von Ihnen benannter Dritter, der nicht der Beförderer ist, die Waren in Besitz genommen haben bzw. hat. Um Ihr Widerrufsrecht auszuüben, müssen Sie uns: glutifree.de Inh. Thomas Greiling Wolf-Hirth Straße 6 DE 78588 Denkingen Tel.: +49 (0)7424 – 868739 Fax: +49 (0)7424 – 9810358 Mail: info@glutifree.de mittels einer eindeutigen Erklärung (z.B. ein mit der Post versandter Brief, Telefax oder E-Mail) über Ihren Entschluss, diesen Vertrag zu widerrufen, informieren. Sie können dafür das von uns bereitgestellte  Widerrufsformular verwenden, das jedoch nicht vorgeschrieben ist. Zur Wahrung der Widerrufsfrist reicht es aus, dass Sie die Mitteilung über die Ausübung des Widerrufsrechts vor Ablauf der Widerrufsfrist absenden. Folgen des Widerrufs Wenn Sie diesen Vertrag widerrufen, haben wir Ihnen alle Zahlungen, die wir von Ihnen erhalten haben, einschließlich der Lieferkosten (mit Ausnahme der zusätzlichen Kosten, die sich daraus ergeben, dass Sie eine andere Art der Lieferung als die von uns angebotene, günstige Standardlieferung gewählt haben), unverzüglich und spätestens binnen vierzehn Tagen ab dem Tag zurückzuzahlen, an dem die Mitteilung über Ihren Widerruf dieses Vertrags bei uns eingegangen ist. Für diese Rückzahlung verwenden wir dasselbe Zahlungsmittel, das Sie bei der ursprünglichen Transaktion eingesetzt haben, es sei denn,  mit Ihnen wurde ausdrücklich etwas anderes vereinbart; in keinem Fall werden Ihnen wegen dieser Rückzahlung Entgelte berechnet. Wir können die Rückzahlung verweigern, bis wir die Waren wieder zurückerhalten haben oder bis Sie den Nachweis erbracht haben, dass Sie die Waren zurückgesandt haben, je nachdem, welches der frühere Zeitpunkt ist. Sie haben die Waren unverzüglich und in jedem Fall spätestens binnen vierzehn Tagen ab dem Tag, an dem Sie uns über den Widerruf dieses Vertrages unterrichten, an uns zurückzusenden oder zu übergeben. Die Frist ist gewahrt, wenn Sie die Waren vor Ablauf der Frist von vierzehn Tagen absenden. Sie tragen die unmittelbaren Kosten der Rücksendung der Waren. Sie müssen für einen etwaigen Wertverlust der Waren nur aufkommen, wenn dieser Wertverlust auf einen zur Prüfung der Beschaffenheit, Eigenschaften und Funktionsweise der Waren nicht notwendigen Umgang mit ihnen zurückzuführen ist.  Ende der Widerrufsbelehrung Kontakt Glutifree.de Thomas Greiling Wolf-Hirth Straße 6 78588 Denkingen Tel. 07424-868740 Fax. 07424-868739 Informationen Kontaktformular Zahlung & Versand Newsletter Mein Konto Artikelübersicht Widerrufsbelehrung Ihre Vorteile bei glutifree Beste glutenfreie Qualität Über 700 Artikel ständig am Lager Ab 40,- EUR keine Versandkosten (in DE) Einfaches bezahlen * Sämtliche Preise verstehen sich inkl. der gesetzlichen MwSt. und ggf. zzgl. Versandkosten.  |  Impressum  |  AGB  |  Datenschutz ","title":"Kundenservice  »  Widerrufsrecht","desc":"günstige glutenfreie Lebensmittel bei glutifree.de! Leckere Müsli, Kekse, Nudeln, Süßigkeiten, Brotaufstriche u.v.m. von namhaften Herstellern wie z.B. Bauk Hof oder Beltane. Trotz Zöliakie lecker essen - glutifree.de","details":{"length":3273,"language":"de","date":"2014/10/31 16:18:36","type":"application/xhtml+xml","country":""},"crawling":{"duration":"1","date":"2014/10/31 16:18:36"},"metas":[{"name":"description","value":"günstige glutenfreie Lebensmittel bei glutifree.de! Leckere Müsli, Kekse, Nudeln, Süßigkeiten, Brotaufstriche u.v.m. von namhaften Herstellern wie z.B. Bauk Hof oder Beltane. Trotz Zöliakie lecker essen - glutifree.de"},{"name":"keywords","value":"glutenfreie Lebensmittel,Zöliakie Ernährung,Lebensmittel glutenfrei,lebensmittel bei gluten unverträglichkeit"},{"name":"robots","value":"noindex,follow,noodp"},{"name":"viewport","value":"width=1024, user-scalable=1"}],"uri":{"protocol":"http","domain":"de.glutifree.","url":"http://glutifree.de/shop/system/?content=std_fernabge&func=htmlserv&tmpl=shop_text_win.html&wkid=92584388024936"}}},{"_index":"de_content_201410","_type":"resourceQ","_id":"http://forum.stellungstricks.de/calendar.php?c=1&do=displayweek&month=2&s=0e5b1046122c7540307cb56f6869eeb4&week=1264896000","_score":1.0, "_source" : {"body":"     Benutzername Angemeldet bleiben? Kennwort Registrieren Hilfe Benutzerliste Interessengemeinschaften Kalender Suchen Heutige Beiträge Alle Foren als gelesen markieren     Erotik & Sex Forum, Tauscht euch aus über Sorgen, Liebeskummer oder Sex Tipps. > Kalender Standard-Kalender Standard-Kalender Heute Wochenansicht Monatsansicht Jahresansicht « Woche | Woche » Januar 2010 Neuen Termin hinzufügen Sonntag 31   « Woche | Woche » Februar 2010 Neuen Termin hinzufügen Montag 1 whocagea (39), Kuchenspeise (26), phungky8x (24) Geburtstage Neuen Termin hinzufügen Dienstag 2 Fleentyy (39), Vialousf (35), hhihhezzx (27) Geburtstage Neuen Termin hinzufügen Mittwoch 3   Neuen Termin hinzufügen Donnerstag 4 lee.chhon (32), Excaxiar (25) Geburtstage Neuen Termin hinzufügen Freitag 5 Soana-Vito (25), micycleMeable Geburtstage Neuen Termin hinzufügen Samstag 6 Squeegei (23) Geburtstage   Januar 2010   So Mo Di Mi Do Fr Sa > 27 28 29 30 31 1 2 > 3 4 5 6 7 8 9 > 10 11 12 13 14 15 16 > 17 18 19 20 21 22 23 > 24 25 26 27 28 29 30 > 31 1 2 3 4 5 6 Februar 2010   So Mo Di Mi Do Fr Sa > 31 1 2 3 4 5 6 > 7 8 9 10 11 12 13 > 14 15 16 17 18 19 20 > 21 22 23 24 25 26 27 > 28 1 2 3 4 5 6 Neuen Termin hinzufügen Ganztägig Zeitraum Wiederkehrend   Gehe zu Monat Januar Februar März April Mai Juni Juli August September Oktober November Dezember 2003 2004 2005 2006 2007 2008 2009 Kalender wählen Standard-Kalender Alle Zeitangaben in WEZ +1. Es ist jetzt 22:50 Uhr. Kontakt - Sex Stellungen - Sitemap - Nach oben Powered by vBulletin® Version 3.8.5 (Deutsch) Copyright ©2000 - 2014, Jelsoft Enterprises Ltd. Partner: Auto Wallaper | Girl Wallpaper Impressum     ","title":"Erotik & Sex Forum, Tauscht euch aus über Sorgen, Liebeskummer oder Sex Tipps. - Kalender","desc":"Im Sex und Erotik Forum von Stellungstricks.de wird über die schönste Nebensache der Welt gesprochen!","details":{"length":1655,"language":"de","date":"2014/10/31 16:18:35","type":"application/xhtml+xml","country":""},"crawling":{"duration":"1","date":"2014/10/31 16:18:35"},"metas":[{"name":"generator","value":"vBulletin 3.8.5"},{"name":"keywords","value":"erotik forum, sex forum, sex talk, forum, erotik, sex stellungen, sexstellungen, stellungstipps, stellungstricks"},{"name":"description","value":"Im Sex und Erotik Forum von Stellungstricks.de wird über die schönste Nebensache der Welt gesprochen!"}],"uri":{"protocol":"http","domain":"de.stellungstricks.forum.","url":"http://forum.stellungstricks.de/calendar.php?c=1&do=displayweek&month=2&s=0e5b1046122c7540307cb56f6869eeb4&week=1264896000"}}},{"_index":"de_content_201410","_type":"resourceQ","_id":"http://transdept.de/assiduidade.html","_score":1.0, "_source" : {"body":" online transDEPTlator editor forum mobil shop links Das Wörterbuch Portugiesisch Deutsch online O dicionário Alemão Português para internet   Anfrage/pesquisa TransDEPT Android App : kostenlos / grátis meuTransDEPT Browser-Plugin Firefox & Internet Explorer Java-Handy: Demonstration / celular com Java: demonstração Platzhalter Bsp./curinga ex.: haus* assiduidade   1. Eifer [m] 2. Fleiß [m] 3. also 4. auf diese Weise 5. deshalb 6. richtig 7. so assiduidade hinzufügen / adicionar hinzufügen / adicionar Abkürzung abreviação [pl] plural plural [f] femininum feminina [m] maskulinum masculino [n] neutrum neutro [adj] Adjektiv adjetivo [adv] Adverb advérbio [br] in Brasilien benutzt usado no Brasil [pt] in Portugal benutzt usado no Portugal [vlg] vulgär vulgar [pop] populär;Umgangssprache popular;não oficial [fig] figürlich;bildlich figurativo [idi] Idiom (Redew.i.übertr.Sinn) expressão idiomática aus dem TransDEPT-Shop Anzeige TransDEPT nutzt seit seiner Gründung 2007 die technische Infrastruktur des Dienstleisters ALFAHOSTING. Dabei waren wir immer sehr zufrieden in Sachen Preis, Technik und Support. Sie planen einen eigenen Webauftritt oder suchen eine bessere oder günstigere Plattform? Schauen Sie hier vorbei: Inhalt registrieren / registrar TransDEPT global UTC+1 * Berlin - Wien - Zürich 11:34 UTC * Lisboa 10:34 UTC-3 Brasília - P.Alegre - Rio - Salvador - S.Paulo 06:34 UTC-3 Belém - Fortaleza - Recife 06:34 UTC-4 Manaus 05:34 * lokale Sommerzeit / horário de verão local (+1) München / Munique © meteo24.de Externe Dienste / serviçoes externos tolingo.de - die Übersetzer Verbformen - conjugar os verbos alemães Conjugador - portugiesische Verben konjugieren Regenwarner für Deutschland Übersetzungsbüro und Übersetzer-Verzeichnis Thematisierte Google-Suche zu Brasilien und Portugal Unsere Nutzer / Nossos usários 21 online (max. 24 um / às 10:06 UTC+1) Forum: letzter Beitrag / última contribuição 07.02.2013  von / por ginabr » RE: Übersetzung TransDEPT Nachrichten / notícias 08.01.2013 TransDEPT Android App kostenfrei ohne Einschränkungen Es gibt einige Änderungen für die TransDEPT-Android-App. Wir wollen nun wirklich allen Nutzern den kostenfreien und unbeschränkten Zugang zum Wörterbuch ermöglichen: 1. Es gibt in GooglePlay nur noch EINE KOSTENFREIE Version OHNE RESTRIKTIONEN. 2. Diese Version finanziert sich durch Werbung, wodurch ein Internetzugang nötig ist, ABER: 3. Das ändert aber nichts daran, dass diese Version auch ohne Mobilfunkverbindung und Internetzugang lauffähig ist (wenn Sie beispielsweise Internet-Roaming im Ausland in den Android-Einstellungen Ihres Telefons deaktivieren). 4. Die PRO-Version wird nicht weitergeführt. Wir danken den bisherigen Nutzern für Ihre Unterstützung des Projekts TransDEPT durch den Kauf und bitten diese, auf die kostenfreie Version umzusteigen, um von Updates zu profitieren. Deinstallieren müssen Sie dafür Ihre erworbene PRO-Version natürlich nicht. » TransDEPT App in GooglePlay » mehr Nachrichten / mais notícias EHRENLISTE / LISTA DE HONRA aktivste Editoren / editores muito ativos 1. ulrich dressel 2. Kurt Greussing 3. Thaisilia 4. jotubcp 5. transdept TransDEPT Statistik / estatística 11:34:21 UTC+1 Dienst Typ heute gestern serviço tipo hoje ontem TransDEPTonline Anfragen / pesquisas 3249 10754 TransDEPTlator Anfragen / pesquisas 13 20 meuTransDEPT reg.Nutzer / usuários reg. 418 418 Einträge / entradas: 127342 Laufzeit / Tempo de execução: 0.595 s Frequenz / Frequência: 8 A/Min © 2013 TransDEPT Impressum ","title":"Wörterbuch portugiesisch deutsch online dicionário alemão português","desc":"Wörterbuch portugiesisch deutsch online dicionário alemão português","details":{"length":3507,"language":"pt","date":"2014/10/31 16:18:36","type":"text/html","country":""},"crawling":{"duration":"1","date":"2014/10/31 16:18:36"},"metas":[{"name":"description","value":"Wörterbuch portugiesisch deutsch online dicionário alemão português"},{"name":"keywords","value":"Wörterbuch portugiesisch deutsch online dicionário alemão português"},{"name":"author","value":"Jan Gossmann"},{"name":"verify-v1","value":"jvwpl1ilFJO8vS1fCZNxEQHrSTjyakgF18buaIhOkxs="},{"name":"og:image","value":"http://www.transdept.de/tdimages/tdlogofacebook.png"}],"uri":{"protocol":"http","domain":"de.transdept.","url":"http://transdept.de/assiduidade.html"}}},{"_index":"de_content_201410","_type":"resourceQ","_id":"http://cowboyboots.de/product_info.php/language/en/info/p3337_new-rockm-135-c2.html","_score":1.0, "_source" : {"body":" Search Login Shopping Cart Cash box Catalogue » New Rock Boots » Sonderanfertigung » Metallic » M.135-C2   Categories Catsuite Coat Costumes Silver Jewellry Jacket Leather Fashion Tops Trousers Dress skirts Corsage Cowboyboots Boots New Rock Boots ABS Collection ACCESSORIES BIG SIZES (48-51) Bull Collection CATALOG Damen Formula FORMULA COLLECTION Goodyear Welt Herren HOME Malicia Collection MEN MERCHANDISING Metallic Collection MILI Collection Motorcycle Collection New Rock Bekleidung New Rock Helmet Plattforma Collection SALES Sonderanfertigung ABS Aguja Belts Biker GY Bull Comfort-Light Corsets Creepers Cuña Sport Dark Metal Devil Hand Bags Metallic Metallic Platform Motorcycles Motorock New Circle Newman Newmili Punk Snob Space Trail VIP West Zueco Special offer VEGAN Accessories Camouflage Cape Vest off sale Autumn / winter Spring/summer Navigation Contact RSS-Feed News New products New Products Skull Tshirt 19,90 EUR incl. 19 % Tax excl. Shipping costs All New Items Best seller 01. New RockM.188-C1 02. New RockM.1015-C2 03. New RockM.406-C2 04. New RockM.994-C1 05. New RockM.713-C2 06. New RockM.161-C1 07. New RockM.373-C15 08. New RockM.1022-C1 09. New RockM.156-C1 10. New RockM.373-C38 Reviews Review this product! Newsletter Subscribing! eMail Address Manufacturer Please choose Buffalo Coyote-boots Demonia Hard Leather St.. Mezcalero Boots New Rock Primeboots Rancho Sancho Boots Sendra Boots Information about manufacturer New Rock More Products Affiliate Program Program Information Affiliate Login New RockM.135-C2 239 item in categorie       Product No.: M.135-C2 Print datasheet Shipping time:    3-4 Days Shoe Size:  47 37 38 39 40 41 42 43 44 45 46 36     Into the cart 209,00 EUR incl. 19 % Tax excl. Shipping costs -COMFORT-PLUS-SYSTEM - NATÜRLICH GENÄHT -NATURLEDER -EXKLUSIVE LEDER -FORM KOMFORT -NATURAL GUMMISOHLEN -EXKLUSIVEN HAND BEENDET -SOHLEN AUS LEDER UND ATMUNGSAKTIV This Product was added to our catalogue on Monday, 30. January 2012. 239 item in categorie       Back Shipping & Returns Privacy Notice TOC Impressum     eCommerce Engine © 2004-2008 xt:Commerce | Template © 2006-2008 iX.WEB Lederjacke Lederjacke | Ledershop Ledershop ","title":"Lederjacke, Ledermantel, Westernstiefel, Cowboystiefel, Lederhose, Gothicshop - New RockM.135-C2 M.135-C2","desc":null,"details":{"length":2188,"language":"en","date":"2014/10/31 16:18:35","type":"text/html","country":""},"crawling":{"duration":"1","date":"2014/10/31 16:18:35"},"metas":[{"name":"robots","value":"index,follow"},{"name":"language","value":"en"},{"name":"author","value":"Hard Leather Stuff"},{"name":"publisher","value":"Hard Leather Stuff"},{"name":"company","value":"Hard Leather Stuff"},{"name":"page-topic","value":"shopping"},{"name":"reply-to","value":"hardy@hardleatherstuff.de"},{"name":"distribution","value":"global"},{"name":"revisit-after","value":"14"},{"name":"description","value":""},{"name":"keywords","value":""}],"uri":{"protocol":"http","domain":"de.cowboyboots.","url":"http://cowboyboots.de/product_info.php/language/en/info/p3337_new-rockm-135-c2.html"}}},{"_index":"de_content_201410","_type":"resourceQ","_id":"http://aislestyle.de/hochzeitskleider.html?price=2%2c100&uk_cus_hemline_train=77_79&uk_cus_style=126&uk_cus_wedding_venues=62","_score":1.0, "_source" : {"body":" Aislestyle.de Mein Benutzerkonto Mein Wunschzettel Mein Warenkorb Zur Kasse Anmelden Suche: Suche 0 Pure Serie Luxus Serie Traum Serie HQ Serie Hochzeitskleider Alle Hochzeitskleider Vintage Hochzeitskleider Spitze Hochzeitskleider Kurz Hochzeitskleider Perlenstickerei Hochzeitskleider Armellänge Hochzeitskleider 2014 Frühling Hochzeitskleider Silhouette A-linie Duchesse-linie Meerjungfrau-Linie/Mermaid-Stil Empire Bodenlang Trägerloser ausschnitt ärmellänge Größe Extraklein kurz/mini Stil Vom Vintage-Stil inspiriert Luxuriös Sexy Schleppe Blusher/ Pinsel -Schleppe Kapelle-Schleppe Kleider für die Hochzeitsfeier Junior Brautjungfern Kleider Brautjungfern Kleider Hochzeit Gastkleider Blumenmädchenkleider Brautmutterkleider Kleider für Besondere Anlässe Abendkleider Abiballkleider/Abendkleider Cocktailkleider Besondere Partykleider Konfirmation Kleider Hochzeitsaccessoires Hochzeitshandschuhe Hochzeitskissen Hochzeitstüten Strumpfband Hochzeits Petticoats Hochzeitsschleier Hochzeitsumhänge Hochzeitsblumen Kategorien Hochzeitskleider Pure Serie Luxus Serie Traum Serie HQ Serie Kleider für die Hochzeitsfeier Brautjungfern Kleider Hochzeit Gastkleider Blumenmädchenkleider Brautmutterkleider Junior Brautjungfern Kleider Kleider für Besondere Anlässe Abendkleider Abiballkleider/Abendkleider Cocktailkleider Besondere Partykleider Konfirmation Kleider Hochzeitsaccessoires Hochzeitskissen Hochzeitstüten Hochzeitshandschuhe Strumpfband Hochzeitsschleier Hochzeitsumhänge Hochzeitsblumen Hochzeits Petticoats Home / Hochzeitskleider Hochzeitskleider Shoppen Sie hier für neue Hochzeitskleider.Wir bieten ein großes Sortiment an die neusten,qualitätsvollen Hochzeitskleidern.Kaufen Sie Hochzeitskleider und Brautkleider jetzt zum günstigen Preis! 12 Item(s) Zeige 27 15 30 Darstellung als: Gitter  Liste  Sortieren nach Reihenfolge Schnell Sehen simpel A-Linie Trägerloser Ausschnitt Perlenstickerei Kapelle-Schleppe Satin Hochzeitskleider Regulärer Preis: 288,00 € 174,99 € Schreiben Sie die erste Kundenmeinung Warenkorb Auf den Wunschzettel | Auf die Vergleichsliste Schnell Sehen simpel Duchesse-Linie Trägerloser Ausschnitt Perlenstickerei Sweep / Pinsel Zug Satin Hochzeitskleider Regulärer Preis: 308,00 € 190,99 € Schreiben Sie die erste Kundenmeinung Warenkorb Auf den Wunschzettel | Auf die Vergleichsliste Schnell Sehen simpel Duchesse-Linie U-Boot-Ausschnitt Träger Perlenstickerei Schleife Knopf Bodenlang Watteau-Falte Satin Hochzeitskleider Regulärer Preis: 248,00 € 142,99 € Schreiben Sie die erste Kundenmeinung Warenkorb Auf den Wunschzettel | Auf die Vergleichsliste Schnell Sehen elegant A-Linie 3/4 Arm Spitze Handgemachte Blumen Sweep / Pinsel Zug Chiffon Hochzeitskleider Regulärer Preis: 318,00 € 198,99 € Schreiben Sie die erste Kundenmeinung Warenkorb Auf den Wunschzettel | Auf die Vergleichsliste Schnell Sehen exquisit A-Linie Träger V-Ausschnitt Perlenstickerei Spitze Handgemachte Blumen Kapelle-Schleppe Tülle Hochzeitskleider Regulärer Preis: 358,00 € 190,99 € Schreiben Sie die erste Kundenmeinung Warenkorb Auf den Wunschzettel | Auf die Vergleichsliste Schnell Sehen simpel A-Linie Trägerloser Ausschnitt Perlenstickerei Kapelle-Schleppe Satin or Taft Hochzeitskleider Regulärer Preis: 278,00 € 166,99 € Schreiben Sie die erste Kundenmeinung Warenkorb Auf den Wunschzettel | Auf die Vergleichsliste Schnell Sehen großzügig Duchesse-Linie Herz-Ausschnitt Spitze Rüsche Kapelle-Schleppe Satin Hochzeitskleider Regulärer Preis: 338,00 € 174,99 € Schreiben Sie die erste Kundenmeinung Warenkorb Auf den Wunschzettel | Auf die Vergleichsliste Schnell Sehen simpel A-Linie Trägerloser Ausschnitt Sweep / Pinsel Zug Satin Hochzeitskleider Regulärer Preis: 258,00 € 158,99 € Schreiben Sie die erste Kundenmeinung Warenkorb Auf den Wunschzettel | Auf die Vergleichsliste Schnell Sehen simpel A-Linie 1-Schulter Perlenstickerei Sweep / Pinsel Zug Satin Hochzeitskleider Regulärer Preis: 308,00 € 190,99 € Schreiben Sie die erste Kundenmeinung Warenkorb Auf den Wunschzettel | Auf die Vergleichsliste Schnell Sehen simpel A-Linie Trägerloser Ausschnitt Perlenstickerei Pick-Ups Sweep / Pinsel Zug Satin Hochzeitskleider Regulärer Preis: 258,00 € 150,99 € Schreiben Sie die erste Kundenmeinung Warenkorb Auf den Wunschzettel | Auf die Vergleichsliste Schnell Sehen simpel Meerjungfrau-Linie/Mermaid-Stil U-Boot-Ausschnitt Halbe Sleeve Knopf Kapelle-Schleppe Satin Hochzeitskleider Regulärer Preis: 208,00 € 126,99 € Schreiben Sie die erste Kundenmeinung Warenkorb Auf den Wunschzettel | Auf die Vergleichsliste Schnell Sehen simpel A-Linie Carmen-Ausschnitt Knopf Spitze Handgemachte Blumen Sweep / Pinsel Zug Satin Hochzeitskleider Regulärer Preis: 328,00 € 174,99 € Schreiben Sie die erste Kundenmeinung Warenkorb Auf den Wunschzettel | Auf die Vergleichsliste 12 Item(s) Zeige 27 15 30 Darstellung als: Gitter  Liste  Sortieren nach Reihenfolge x Warenkorb Preis: Tatsächlicher Preis: Our price is lower than the manufacturer's \"minimum advertised price.\" As a result, we cannot show you the price in catalog or the product page. You have no obligation to purchase the product once you know the price. You can simply remove the item from your cart. Our price is lower than the manufacturer's \"minimum advertised price.\" As a result, we cannot show you the price in catalog or the product page. You have no obligation to purchase the product once you know the price. You can simply remove the item from your cart. Filtern nach Filtern nach: Diesen Artikel entfernen : 100,00 € - 200,00 € Diesen Artikel entfernen saumlänge / schleppe: Kapelle-Schleppe Diesen Artikel entfernen saumlänge / schleppe: Watteau-Falte Diesen Artikel entfernen stil: Chic & Modern Diesen Artikel entfernen orte der hochzeit: Halle Alles entfernen Einkaufsoptionen 100,00 € - 200,00 € (12) 200,00 € - 300,00 € (57) 300,00 € - 400,00 € (5) rücken Reißverschluss (12) Rückenfrei (9) Schnürung (9) figur Apfel (1) Birne (3) Rechteck (5) Sanduhr (1) Farbe (12) Blau (12) Bonbonpink (12) Braun (12) Burgunderrot (12) Champagner (12) Dunkelgrün (12) Dunkelmarine (12) Elfenbein (12) Fuchsia (12) Gold (12) Grün (12) Himmelblau (12) Jäger grün (12) Königliches Blau (12) Lavendel (12) Lila (12) Lindgrün (12) Meeresblau (12) Narzisse (12) Rosa (12) Rot (12) Salbei (12) Schokolade (12) Schwarz (12) Silber (12) Tintenblau (12) Traube (12) Weiß (12) wie in den Bildern (12) verzierung Applikation (3) Crystal detailliert (2) Drapiert (2) Gestupft (1) Handgemachte Blumen (3) Knopf (6) Perlenstickerei (7) Pick-Ups (1) Rüsche (7) Schleife (1) Seite-drapiert (3) Spitze (4) Tasche (2) stoff Chiffon (1) Satin (11) Stretch-Satin (1) Taft (1) Tülle (3) saumlänge / schleppe Bodenlang (90) Kapelle-Schleppe (10) Knielang (5) Kurz/Mini (7) Sweep / Pinsel Zug (294) wadenlang (1) Watteau-Falte (2) ausschnitt 1-Schulter (1) Carmen-Ausschnitt (1) Herz-Ausschnitt (1) Spaghettiträger (2) Träger (3) Trägerloser Ausschnitt (5) U-Boot-Ausschnitt (3) V-Ausschnitt (1) Wellenkante (1) jahreszeit Frühling (12) Herbst (11) Winter (11) silhouette A-Linie (7) Duchesse-Linie (5) Meerjungfrau-Linie/Mermaid-Stil (1) Stui-Linie (2) ärmellänge 3/4 Arm (10) Halbe Sleeve (1) ärmel T-Shirtärmel (2) stil charmant (3) Chic & Modern (12) ehrenhaft (3) elegant (4) Elegant & Luxuriös (5) exquisit (3) Glamourös & Dramatisch (11) großzügig (3) Klassisch & Zeitlos (11) simpel (11) würdevoll (2) trend kollektion 2013 Frühling (12) 2014 Frühling (12) Farbige Brautkleider (1) Herbst 2013 (12) dringend dringend(10-15 tage) (12) Normal(25-35tage) (12) Super(7-10 Tage) (12) taille Empire (6) Natürlich (12) Hochzeitskleider paket Schleier (7) orte der hochzeit Beach/destination (1) Garten/Outdoor (12) Halle (12) Kirche (14) Mein Warenkorb Sie haben keine Artikel im Warenkorb. Artikel vergleichen Es ist kein Artikel zum Vergleichen vorhanden. Newsletter Anmeldung für unseren Newsletter: Abonnieren Beliebte Schlagworte Collection Costumes Hosiery Leather Lingerie Mini Offer Services Set Sexy Skirt Special Tops erotic fashion Alle Schlagworte ansehen Kontakte Kontaktinformationen *Name *eMail Telefon *Kommentar Absenden * Pflichtfelder Anmelden Neue Kunden Wenn Sie in unserem Shop ein Benutzerkonto einrichten, werden Sie schneller durch den Bestellvorgang geführt, können mehrere Versandadressen speichern, Ihren bisherigen Bestellablauf verfolgen und vieles mehr. Benutzerkonto anlegen Registrierte Kunden Wenn Sie bei uns ein Benutzerkonto besitzen, melden Sie sich bitte an. *eMail-Adresse *Passwort Passwort vergessen? * Pflichtfelder Anmelden Das Unternehmen Über uns Produkt-Wegweiser Kontakt Zahlung & Versand Zahlungsarten Versand Voraussichtliche Lieferzeit AGB Rückgabebestimmungen Datenschutzrichtlinien Urheberrecht © Aislestyle.de. Alle Rechte vorbehalten. Facebook Twitter Google Plus Rss ","title":"Hochqualitative Hochzeitskleider 2014 bei Aisle Style DE – maßgefertigt möglich","desc":"Shoppen Sie hier für neue Hochzeitskleider.Wir bieten ein großes Sortiment an die neusten,qualitätsvollen Hochzeitskleidern.Kaufen Sie Hochzeitskleider und Brautkleider jetzt zum günstigen Preis!","details":{"length":8791,"language":"de","date":"2014/10/31 16:18:37","type":"application/xhtml+xml","country":""},"crawling":{"duration":"1","date":"2014/10/31 16:18:37"},"metas":[{"name":"description","value":"Shoppen Sie hier für neue Hochzeitskleider.Wir bieten ein großes Sortiment an die neusten,qualitätsvollen Hochzeitskleidern.Kaufen Sie Hochzeitskleider und Brautkleider jetzt zum günstigen Preis!"},{"name":"keywords","value":"Hochqualitative Hochzeitskleider 2014 bei Aisle Style DE – maßgefertigt möglich"},{"name":"robots","value":"INDEX,FOLLOW"}],"uri":{"protocol":"http","domain":"de.aislestyle.","url":"http://aislestyle.de/hochzeitskleider.html?price=2%2c100&uk_cus_hemline_train=77_79&uk_cus_style=126&uk_cus_wedding_venues=62"}}},{"_index":"de_content_201410","_type":"resourceQ","_id":"http://leuchtende-lieblingsstuecke.de/llsshop/main_bigware_67.php?bigwarecsid=49dc7fb7156caf7086c257b44a4f3912","_score":1.0, "_source" : {"body":"   Ihr Warenkorb Ihr Warenkorb: 0 Produkte Home Ihr Konto Kasse Kontakt     Home      AGB      Kontakt      Anmelden      Ihr Konto      Warenkorb      Kasse    Startseite Liefer- und Versandkosten       Ihr Konto  |  Warenkorb  |  Kasse    Kategorien      Beleuchtete Uhren aus Plexiglas   Bereits erstellte Lampen   Glasgravur Bilder   Beleuchtetes Plexiglas vom Foto eigene Malvorlage oder eigenen Vorstellungen   Beleuchtetes Plexiglas mit Standfuß   Beleuchtetes Wandbild  Informationen    Liefer- und Versandkosten Privatsphäre und Datenschutz Unsere AGB Gutschein einlösen Kontakt  Sonstiges    FAQ IMPRESSUM KREATIVE KÖPFE UNSERE PRODUKTE ZUM ERSTEN MAL HIER?  Produkte    Glasgravur Bilder ohne Schrift Unbeleuchtet 8 Motive 3 zzgl. Versand   Liefer- und Versandkosten   Liefer-/Versandbedingungen, Liefervorbehalt, Gefahrenübergang:   Ihre Bestellung wird unverzüglich bearbeitet und schnellstmöglich an Sie per DHL Paket ausgeliefert. Lieferanschrift ist unabhängig der Rechnungsstellung wählbar. Gerne auch an Packstationen. Bitte beachten Sie die Versandgebühren von 4,95 € Euro. Sollten wir nicht alle Artikel vorrätig haben, behalten wir uns Teillieferungen vor; hierrüber werden wir Sie umgehend informieren. Die zusätzlichen Versandkosten werden selbstverständlich von uns übernommen. Sollte leuchtende-Lieblingsstücke nach Bestelleingang des Kunden feststellen, dass die bestellte Ware oder Dienstleistung nicht mehr bei leuchtende-Lieblingsstücke verfügbar ist oder aus rechtlichen Gründen nicht geliefert werden kann, kann leuchtende-Lieblingsstücke entweder eine in Qualität und Preis gleichwertige Ware oder Dienstleistung anbieten oder vom Vertrag zurücktreten. Bereits erhaltene Zahlungen wird leuchtende-Lieblingsstücke umgehend nach einem Rücktritt von der Bestellung dem Kunden erstatten. Sollten Sie einen Wunschtermin bezüglich Ihrer Lieferung haben, geben Sie diesen doch bitte bei Ihrer Bestellung im Infotext mit an. Gefahrenübergang: Für Verbraucher gelten die gesetzlichen Bestimmungen. Für das gesamte Risiko der Beschädigung auf dem Transportweg oder dem Verlust der Ware auf dem Transportweg schließt leuchtende-Lieblingsstücke mit dem Versender DHL eine Transportversicherung ab. Somit erhalten Sie einen optimalen Schutz Ihrer gekauften Ware! Wir bitten bei unvollständiger Lieferung oder Beschädigung auf dem Transportweg um schnellstmögliche Benachrichtigung. Bei defektem oder beschädigtem Umkarton/Luftpolsterumschlag reklamieren Sie das auch bitte sofort bei der Übergabe dem Transporteur (hier DHL), so daß der Schaden sofort aufgenommen und registriert wird und die Transportversicherung greift.    Firmenlogo     Login    E-Mail Adresse: Passwort: (neues Passwort) Neuer Kunde? => Registrieren!  Abstimmung    Gefällt Ihnen unser Shop Ja, sehr gut! Ja, gut! Geht so! [ Trend | Abstimmung ] 15 abgegebene Stimmen 9 Kommentare  Schnellsuche      Verwenden Sie Stichworte, um ein Produkt zu finden. erweiterte Suche  User Online    Zur Zeit sind  77 Gäste  online. Dienstag, 01. Juli 2014             837316 Zugriffe seit Sonntag, 23. Oktober 2011 Preise inkl. gesetzl. MwSt., zzgl. der jeweiligen Versandkosten. Alle Markennamen, Warenzeichen und eingetragenen Warenzeichen sind Eigentum Ihrer rechtmässigen Eigentümer und dienen hier nur der Beschreibung   Dieses Shopsystem wurde entwickelt von Bigware ","title":"Liefer- und Versandkosten : Leuchtende Lieblingsstücke","desc":"Leuchtende Lieblingsstücke : Liefer- und Versandkosten -","details":{"length":3350,"language":"de","date":"2014/10/31 16:18:36","type":"text/html","country":""},"crawling":{"duration":"1","date":"2014/10/31 16:18:36"},"metas":[{"name":"date","value":"0-0-0"},{"name":"author","value":"Damokels1976"},{"name":"publisher","value":"Damokles1976"},{"name":"copyright","value":"Damokles1976"},{"name":"expires","value":"0-0-0"},{"name":"abstract","value":"Eine Seite auf der man selbsterstellte beleuchtete Plexiglas produkte bestellen kann"},{"name":"page-topic","value":"Handwerk und Gestaltung"},{"name":"page-type","value":"produktinfo"},{"name":"audience","value":"alle"},{"name":"revisit-after","value":"1 Tagen"},{"name":"language","value":"de"},{"name":"robots","value":"index,follow"},{"name":"description","value":"Leuchtende Lieblingsstücke : Liefer- und Versandkosten - "},{"name":"keywords","value":"Liefer- und Versandkosten"}],"uri":{"protocol":"http","domain":"de.leuchtende-lieblingsstuecke.","url":"http://leuchtende-lieblingsstuecke.de/llsshop/main_bigware_67.php?bigwarecsid=49dc7fb7156caf7086c257b44a4f3912"}}},{"_index":"de_content_201410","_type":"resourceQ","_id":"http://sports-brands24.de/public/dyn_layer.aspx?suid=7112&tpl=_lostpassword_&zid=469c83af-713b-4d4a-b951-d61a9ca2d1d2","_score":1.0, "_source" : {"body":" Startseite Herrenschuhe Herrenmode Damenschuhe Damenmode Schuhe für Jungen Mode für Jungen Schuhe für Mädchen Mode für Mädchen Damen-Accessoires Herren-Accessoires Top Angebot Warenkorb Keine Produkte im Warenkorb TOP ANGEBOT Puma Military Hat Mens Herren Sport Lifestyle Basecap Cap Schwarz nur 21,95 € Kunden-Login Benutzername: Passwort: Passwort vergessen? Neu hier? Zeige Bewertungen von SportsBrands24 Unsere Partner... Passwort vergessen eMail-Adresse : Startseite Zahlung Versand Konto eröffnen Datenschutz AGB Widerrufsrecht Impressum Copyright © bei Sports-Brands24.de Gestaltet von Auctiongoo / Shopgoo Afterbuy-Shop","title":"Sports-Brands24","desc":"Sports-Brands24 - Online Shop für Marken Bekleidung im Bereich Sport und Lifestyle. Schuhe, Bekleidung und Accessoires von Puma, nike, adidas, fila, converse, ben sherman, champion,sport-brands,sports-brands,reebok","details":{"length":628,"language":"de","date":"2014/10/31 16:18:36","type":"application/xhtml+xml","country":""},"crawling":{"duration":"1","date":"2014/10/31 16:18:36"},"metas":[{"name":"author","value":"This OnlineStore is brought to you by ViA-Online GmbH Afterbuy. Information and contribution at http://www.afterbuy.de"},{"name":"robots","value":"index,follow"},{"name":"description","value":"Sports-Brands24 - Online Shop für Marken Bekleidung im Bereich Sport und Lifestyle. Schuhe, Bekleidung und Accessoires von Puma, nike, adidas, fila, converse, ben sherman, champion,sport-brands,sports-brands,reebok"},{"name":"keywords","value":"Puma, nike, adidas, fila, converse, ben sherman, champion, timberland, k-swiss, sport-brands, sports-brands24, sportsbrands24, sportbrands, Brands Fashion Outlet,hooded, sportschuh herren,beanie, sporttasche, sportschuh günstig,fussballschuh günstig, fussballschuhe kinder,handschuh winter günstig, Herren Trainingsanzug, herren freizeitanzug günstig, freizeitanzug herren, adidas schuhe herren, adidas schuhe damen,hooded jacket,"},{"name":"google-site-verification","value":"9VYrkG_ofsRVepe7BJxES5ZY5kGaViavNcYuhMAg83E"}],"uri":{"protocol":"http","domain":"de.sports-brands24.","url":"http://sports-brands24.de/public/dyn_layer.aspx?suid=7112&tpl=_lostpassword_&zid=469c83af-713b-4d4a-b951-d61a9ca2d1d2"}}},{"_index":"de_content_201410","_type":"resourceQ","_id":"http://forum-tierkommunikation.de/viewforum.php?f=19&sid=4d2022126e3fc6d131d67bf080e59965","_score":1.0, "_source" : {"body":" Forum Tierkommunikation Anmelden    Registrieren FAQ     Suche Aktuelle Zeit: Sa 5. Jul 2014, 05:37 Unbeantwortete Themen | Aktive Themen Foren-Übersicht » Moderatorinnen-Team Alle Zeiten sind UTC + 1 Stunde Moderatorinnen-Team  Seite 1 von 1  [ 5 Themen ]       Tierthemen   Autor   Antworten   Zugriffe   Letzter Beitrag  Bekanntmachungen Der Bundesverband Tierkommunikation e.V. [ Gehe zu Seite: 1 , 2 ] karina 31 103283 Fr 19. Apr 2013, 14:02 die Windhündin tk-living karina 12 43015 Mo 27. Jan 2014, 22:47 karina Tierthemen Forums-Assistentin Angelika karina 12 27618 So 23. Sep 2012, 09:21 pankhri Neue Forums-Assistentin Danny karina 13 15289 Do 2. Aug 2012, 07:57 Danny Christiane Becker (Chris) chris 3 8831 Sa 5. Jun 2010, 19:59 Jennie Jennie Jennie 3 8081 So 30. Mai 2010, 15:22 Jennie Karina karina 0 7236 Fr 7. Mai 2010, 06:06 karina Themen der letzten Zeit anzeigen:  Alle Themen 1 Tag 7 Tage 2 Wochen 1 Monat 3 Monate 6 Monate 1 Jahr  Sortiere nach Autor Erstellungsdatum Antworten Betreff Zugriffe Aufsteigend Absteigend   Seite 1 von 1  [ 5 Themen ]  Foren-Übersicht » Moderatorinnen-Team Alle Zeiten sind UTC + 1 Stunde Wer ist online? Mitglieder in diesem Forum: 0 Mitglieder und 1 Gast Ungelesene Beiträge - wieder zulange weg gewesen???    Keine ungelesenen Beiträge    Bekanntmachung Ungelesene Beiträge [ beliebt ]    Keine ungelesenen Beiträge [ beliebt ]    Wichtig Ungelesene Beiträge [ gesperrt ]    Keine ungelesenen Beiträge [ gesperrt ]    Verschobenes Thema Du darfst keine neuen Themen in diesem Forum erstellen. Du darfst keine Antworten zu Themen in diesem Forum erstellen. Du darfst deine Beiträge in diesem Forum nicht ändern. Du darfst deine Beiträge in diesem Forum nicht löschen. Du darfst keine Dateianhänge in diesem Forum erstellen. Suche nach: Dieses Forum arbeitet auf einem HOMDO server!     Deutsche Übersetzung durch phpBB.de ","title":"Forum Tierkommunikation • Forum anzeigen - Moderatorinnen-Team","desc":null,"details":{"length":1874,"language":"de","date":"2014/10/31 16:18:35","type":"application/xhtml+xml","country":""},"crawling":{"duration":"1","date":"2014/10/31 16:18:35"},"metas":[{"name":"resource-type","value":"document"},{"name":"distribution","value":"global"},{"name":"keywords","value":""},{"name":"description","value":""}],"uri":{"protocol":"http","domain":"de.forum-tierkommunikation.","url":"http://forum-tierkommunikation.de/viewforum.php?f=19&sid=4d2022126e3fc6d131d67bf080e59965"}}},{"_index":"de_content_201410","_type":"resourceQ","_id":"http://carpetvista.de/detpic_viewer.php?bildantal=6&id=220681&pic=5","_score":1.0, "_source" : {"body":" ","title":"Patchwork Teppich XCGN353","desc":null,"details":{"length":1,"language":"de","date":"2014/10/31 16:18:36","type":"text/html","country":""},"crawling":{"duration":"1","date":"2014/10/31 16:18:36"},"metas":[],"uri":{"protocol":"http","domain":"de.carpetvista.","url":"http://carpetvista.de/detpic_viewer.php?bildantal=6&id=220681&pic=5"}}},{"_index":"de_content_201410","_type":"resourceQ","_id":"http://offroad24.de/shop/index.php?artnr=3-1889&id=01&pli=1001140040&view=detail","_score":1.0, "_source" : {"body":"    Logout Warenkorb Direktbestellung Suche AGB & Kundeninfo Widerrufsbelehrung Datenschutz Zahlung Versand Location: Germany  Language:    Kunden-Nr.:      Passwort vergessen? Passwort:                     HOME >  TOYOTA >  Landcruiser J4 >  OLD MAN EMU -Fahrwerksteile Navigation ARB - Differenzialsperren Dachgepäckträger UpRacks Freilaufnaben KONI Fahrwerksteile OLD MAN EMU -Fahrwerksteile SAFARI Snorkel WARN - Seilwinden/Anbausätze Xtreme Outback Kupplungen zurück Weitere Informationen Batterieentsorgung Kontakt Impressum Sitemap Nitrocharger N89, Hinterachse, standard,                        Konfigurator Produktdaten Alternativartikel Anfrageformular Nitrocharger N89, Hinterachse, standard, für Fzg. mit 16mm Befestigungsbolzen Zweirohr- Gasdruckstoßdämpfer speziell für 4x4 Fahrzeuge entwickelt - inklusive Metall-Steinschlagschutz - doppelt veschweißte Augen oder Bolzen - 18 mm Kolbenstange und 35 mm Kolben Alternativartikel ﻿ OME SPORT SHOCK für Fzg. mit 16mm Befestigungsbolzen ► Artikeldetails 141,53 € incl. MwSt., zzgl. Versand Lagerbestand: sofort ab Lager Lieferzeit bis zu 4 Tage * Versandgewicht: 3,5 KG Frage zum Produkt? Nitrocharger N89, Hinterachse, standard, für Fzg. mit 16mm Befestigungsbolzen Bitte nutzen Sie dieses Formular ausschließlich für Fragen zum Produkt! Eingabefelder mit roter Umrandung und * sind Pflichtfelder Name   Email   * Ihre Frage   * Sicherheitsabfrage Code eingeben   Artikel-Nr.: Preis: Versandgewicht: WGR: Lagerbestand: Menge: 3-1889 126,81 € 3,2 KG B nur auf Sonderbestellung   incl. MwSt., zzgl. Versand     Lieferzeit bis zu 94 Tage *   * Gilt für Lieferungen nach Deutschland. Lieferzeiten für andere Länder und Informationen zur Berechnung des Liefertermins siehe hier.   Taubenreuther GmbH  |  Am Schwimmbad 8  |  95326 Kulmbach Telefon: +49 9221 / 9562-0  |  Telefax: +49 9221 / 9562-22   ","title":"Nitrocharger N89, Hinterachse, standard, für Fzg. mit 16mm Befestigungsbolzen > TOYOTA->Landcruiser J4->OLD MAN EMU -Fahrwerksteile :: Taubenreuther GmbH","desc":null,"details":{"length":1856,"language":"de","date":"2014/10/31 16:18:36","type":"text/html","country":""},"crawling":{"duration":"1","date":"2014/10/31 16:18:36"},"metas":[],"uri":{"protocol":"http","domain":"de.offroad24.","url":"http://offroad24.de/shop/index.php?artnr=3-1889&id=01&pli=1001140040&view=detail"}}},{"_index":"de_content_201410","_type":"resourceQ","_id":"http://peak-oil-forum.de/phpbb2/viewtopic.php?p=100117&sid=b8fec10c8c08ac5e4069a4f79d6a6c50","_score":1.0, "_source" : {"body":"   Startseite  •  Forum  •  Forumsportal   FAQ  •  Suchen  •  Einstellungen  •  Mitgliederkarte •  Energiemangelkarte  •  Top Postings  •  RSS Feed (Neu)  •  News    •  Letzte Themen •   •  Benutzergruppen  •  Registrieren  •  Profil  •  Einloggen, um private Nachrichten zu lesen  •  Login Kalender  Kalender Fr 04.07.2014 Sa 05.07.2014 Bridget So 06.07.2014 eakoil Mo 07.07.2014 Di 08.07.2014 Mi 09.07.2014 dakoal founder Do 10.07.2014 Der angebohrte Planet Im Thema: Kein registrierter, kein versteckter und kein Gast Keine Nächstes Thema anzeigen Vorheriges Thema anzeigen peak-oil-forum.de Foren-Übersicht »  Peak-Oil »  Erneuerbare Energien »  Geothermie »  Der angebohrte Planet Autor Nachricht Kristall Stammposter (altes Forum) Alter: 37 Anmeldungsdatum: 02.03.2007 Beiträge: 563 Wohnort: Zürich Verfasst: Sa Okt 01, 2011 15:38  Titel:   Der angebohrte Planet Hi Habe gerade gesucht und es noch nicht gefunden, hier also der Verweis auf eine interessante Reportage bei SPON, die die Risiken von CO2-Verklappung und Geothermie aufzeigt, wirklich sehenswert! Der angebohrte Planet Dazu passt übrigens auch mein Artikel zur Geothermie von vor drei Jahren, scheint ja immer noch sehr aktuell zu sein: Geothermie - der große Graben zwischen Traum und Wirklichkeit Viel Spaß beim Schauen und Lesen wünscht Euch -Kristall PS: 13437 Beiträge seit meinem letzten Login, scheint ja keine Altersmüdigkeit aufzukommen hier im Forum...     Beiträge der letzten Zeit anzeigen:   Alle Beiträge 1 Tag 7 Tage 2 Wochen 1 Monat 3 Monate 6 Monate 1 Jahr  Die ältesten zuerst Die neusten zuerst  peak-oil-forum.de Foren-Übersicht »  Peak-Oil »  Erneuerbare Energien »  Geothermie »  Der angebohrte Planet  Gehe zu:  Forum auswählen peak-oil-forum.de Foren-Übersicht |--Peak-Oil |   |--Allgemeines |   |--News (deutsch- und fremdsprachig) |   |--Geopolitik |   |--Wirtschaft, Umwelt und Gesellschaft |   |--Nicht erneuerbare Energien |   |   |--Erdöl, Erdgas, Kohle, Derivat LPG |   |   |--Kernkraft |   |--Erneuerbare Energien |   |   |--Solarenergie (PV, Solarthermie) |   |   |--Wind- und Wasserkraft |   |   |--Geothermie |   |   |--Biomasse |   |--Wetten und Prognosen |   |--Bücherregal |   |--Newstest |   |--Börse und Anlagen |   |--Mobilität |--Verwandte Themen |   |--Klima |   |--Energiesparen |   |--Landwirtschaft |   |--LEBENSWELTEN: Arbeiten und Wohnen |   |--Crashvorbereitung |   |--Medien |--Community |   |--Stellt euch vor |   |--Forumstreffen |   |--Stammtisch |--Marktplatz |   |--Verkauf (Privat) |   |--Gewerbliches |   |--Immobilien   Nächstes Thema anzeigen Vorheriges Thema anzeigen Du kannst keine Beiträge in dieses Forum schreiben. Du kannst auf Beiträge in diesem Forum nicht antworten. Du kannst deine Beiträge in diesem Forum nicht bearbeiten. Du kannst deine Beiträge in diesem Forum nicht löschen. Du kannst an Umfragen in diesem Forum nicht mitmachen. Du kannst Dateien in diesem Forum nicht posten Du kannst Dateien in diesem Forum nicht herunterladen Alle Zeiten sind GMT + 1 Stunde 52768 Angriffe abgewehrt Powered by phpBB2 Plus, Artikelverzeichnis based on phpBB © 2001/6 phpBB Group :: FI Theme :: Mods und Credits ´ ","title":"peak-oil-forum.de: Peak Oil- das Ende des billigen Öls und die Konsequenzen für unsere Gesellschaft: Thema anzeigen - Der angebohrte Planet","desc":"Das Portal und Forum zum Thema Peak oil und die Folgen für unsere Gesellschaft","details":{"length":3146,"language":"de","date":"2014/10/31 16:18:37","type":"application/xhtml+xml","country":""},"crawling":{"duration":"1","date":"2014/10/31 16:18:37"},"metas":[{"name":"keywords","value":"peak oil, peak oil forum, Erdöl, Erdölkrise, Spritkrise, Energiekrise, Depletion, Ölkrise, Ölknick, Das Ende des billigen Erdöls, Produktionsspitze des Erdöls, Hubbert Peak, peak oil debunked, Hubbertkurve, ölförderung, OPEC, ASPO, Energie. KKW, Gas, Erdgas, peak gas, LPG, CNG, BTL, CTL, Solarenergie, Sonnenenergie, KWK, BHKW, Windkraft, Geothermie, Solarthermie, Kernkraft, Atomkraft, Biogas, peak oil meinung, peak oil diskussion, Landwirtschaft, Nachhaltigkeit, nachhaltig, regenerative Energie, erneuerbare Energie, overshoot, Tragekapazität, Matthew Simmons, Michael Ruppert, Colin Campbell, Ghawar, Cantarell, Burgan "},{"name":"Author","value":"Stefan Kruessmann"},{"name":"description","value":"Das Portal und Forum zum Thema Peak oil und die Folgen für unsere Gesellschaft"}],"uri":{"protocol":"http","domain":"de.peak-oil-forum.","url":"http://peak-oil-forum.de/phpbb2/viewtopic.php?p=100117&sid=b8fec10c8c08ac5e4069a4f79d6a6c50"}}},{"_index":"de_content_201410","_type":"resourceQ","_id":"http://shopfordogs.de/tube/?a=search&category=sports&orderby=this_week&q=bull_terrier","_score":1.0, "_source" : {"body":" Ergebnisse für Bull_Terrier von 63 Ergebnissen in Sport geordnet nach Upload Datum: Diese Woche Filter Sort by: Relevanz Datum Wertung Ansicht • Datum des Uploads: heute diese Woche diesen Monat All Time Kategorie: alle Autos Komödie Bildung Entertainment Film Spiele Kurzanleitung Musik News Menschen Tiere Technologie Sport Reise Tênis Bull Terrier Clark | Loja Bull Terrier | Botoli Esportes COMPRE AQUI: http://bit.ly/1kdXsG6 O Tênis Bull Terrier Clark traz o mesmo conforto e praticidade da marca Bull Terrier agora com um estilo mais casual. Prin... 00:00:54 • 1 views • by Botoli Esportes Tênis Bull Terrier Vintage | Loja Bull Terrier | Botoli Esportes... COMPRE AQUI: http://bit.ly/1oubnMv O Tênis Bull Terrier Vintage é confeccionando em couro com detalhes de costuras em alto relevo, fechamento em cadarço facilitando o ajuste do calçado.... 00:00:52 • 1 views • by Botoli Esportes Tênis Bull Terrier Panamá | Loja Bull Terrier | Botoli Esportes... COMPRE AQUI: http://bit.ly/1op2hAH O Tênis Bull Terrier Panamá traz conforto e praticidade para o seu esporte. Principais características do Tênis Bull Terri... 00:00:34 • 1 views • by Botoli Esportes Tênis Bull Terrier Kids Panama | Loja Bull Terrier | Botoli Espo... COMPRE AQUI: http://bit.ly/1qQWvJ7 O Tênis Bull Terrier Kids Panama traz muito conforto e estilo para os pequenos. Principais características do Tênis Bull T... 00:00:44 • 1 views • by Botoli Esportes Gatlinburg GoPro Compilation The yearly tradition of the mancation / brodown took place in Gatlinburg TN this year and I was able to do it a little justice by capturing footage with my n... 00:05:08 • 39 views • by Paul Riley VW Polo WRC Spritztour mit Autokamera Blackvue im Polo WRC. 00:00:47 • 2 views • by Tierpensionberlin Amerikai PitbullTerrier Dozer 00:03:35 • 4 views • by Bodi mihály كلب من نوع الستافورد شاير وهي كلاب القتال يهاجم طفل صغير كان يلعب أمام منزله فتقوم قطة المنزل بالدفاع عنه وإنقاذه سبحان الخالق في خلقه . 00:00:57 • 0 views • by brhooma domdom Copyright © 2013 Shop for Dogs. All rights reserved. Impressum | DOG Inhaltsverzeichnis A B C D E F G H I J K L M N O P Q R S T U V W X Y Z A Affenpinscher Afghanischer Windhund, Afghane Agassin Aidi Airedale Terrier Akbaş siehe Anatolischer Hirtenhund Akita Inu Alangu Mastiff Alano Español Alapaha Blue Blood Bulldog Alaskan Malamute Alpenländische Dachsbracke Altdänischer Vorstehhund Altdeutsche Hütehunde Fuchs, siehe auch Harzer Fuchs Gelbbacke Kuhhund Schafpudel Schwarzer Strobel Tiger Altdeutscher Schäferhund American Akita American Bulldog American Collie: siehe Amerikanischer Collie American English Coonhound siehe English Coonhound American Eskimo Dog American Foxhound American Hairless Terrier American Leopard Hound American Pit Bull Terrier American Staffordshire Terrier American Staghound American Toy Terrier American Water Spaniel Amerikanisch Canadisch (AC) Weißer Schäferhund siehe Berger Blanc Suisse Amerikanischer Cocker Spaniel Amerikanischer Collie: amerikanische Zuchtlinien von Collie-Rassen, insbesondere beim Langhaarcollie Anatolischer Hirtenhund Anglo-Français de petite vénerie Appenzeller Sennenhund Arabischer Windhund siehe Sloughi Argentinische Dogge siehe Dogo Argentino Ariégeois Armant Australian Cattle Dog Australian Heeler siehe Australian Cattle Dog Australian Kelpie Australian Shepherd Miniatur Australian Shepherd siehe Miniature American Shepherd Australian Silky Terrier Australian Stumpy Tail Cattle Dog Australian Terrier Azawakh, Berber-Windhund, Tuareg-Windhund Inhaltsverzeichnis A B C D E F G H I J K L M N O P Q R S T U V W X Y Z B Bakarwal, Kashmir Mastiff Balearen-Laufhund siehe Podenco Ibicenco Balkanbracke Bandog (Kettenhund, Wachhund) Bangkaew Dog siehe Thai Bangkaew Dog Barak siehe Bosanski Oštrodlaki Gonič – Barak Barbet Bardino siehe Majorero Canario Barsoi, Russischer Windhund Basenji Baskischer Ratero siehe Villanuco de Las Encartaciones Basset artésien normand Basset bleu de Gascogne, Blauer Basset der Gascogne Basset d'Artois Basset fauve de Bretagne Basset Hound Bayerischer Gebirgsschweißhund Beagle Beagle-Harrier Bearded Collie Beauceron Bedlington Terrier Belgischer Griffon siehe Griffon Belge Belgischer Schäferhund Groenendael Laekenois Malinois Tervueren Bergamasker Hirtenhund Berber-Windhund siehe Azawakh Berger Blanc Suisse alte Bezeichnung: Amerikanisch Canadisch AC Weißer Schäferhund Berger de Beauce siehe Beauceron Berger de Laeken siehe Laekenois Berger du Languedoc Berger de Picardie ( Berger Picard) Berger de Savoie auch Berger des Alpes Berger des Pyrenees siehe Pyrenäenschäferhund Berner Laufhund siehe auch Schweizer Laufhund Berner Sennenhund Bernhardiner, St.-Bernhards-Hund Bichon Frisé, ( Gelockter Bichon, Bichon à poil frisé) Biewer Terrier Billy Bisben, Himalaja Schäferhund Black and Tan Coonhound Blenheim, Englischer Toy Spaniel Bloodhound, Hubertushund, Chien de Saint-Hubert Blue Lacy Bluetick Coonhound Bobtail Boerboel Böhmisch Rauhbart Bologneser Bolonka Franzuska Bolonka Zwetna Bordeauxdogge ( Dogue de Bordeaux) Border Collie Border Terrier Bosanski Oštrodlaki Gonič – Barak, Bosnischer Rauhhaariger Laufhund Boston Terrier Boulet Griffon Bouvier des Ardennes, Ardennen-Treibhund Bouvier des Flandres Boxer Deutscher Boxer Boykin Spaniel Brabanter Griffon siehe Petit Brabançon Bracco Italiano Brandlbracke Vieräugel bzw. Kärntner Bracke Braque Belge Braque d'Auvergne Braque de l'Ariège Braque du Bourbonnais (Bourbonnais-Vorstehhund) Braque Dupuy Braque Français Braque Français, Type Gascogne (grande taille) (Französischer-Vorstehhund – Typus Gascogne) Braque Français, Type Pyrénées (petite taille) (Französischer-Vorstehhund – Typus Pyrenäen) Braque Lévrier siehe Braque Dupuy Braque Saint-Germain Brasilianischer Mastiff siehe Fila Brasileiro Brasilianischer Terrier siehe Terrier Brasileiro Briard ( Berger de Brie) Briquet Griffon Vendéen Broholmer Brüsseler Griffon siehe Griffon Bruxellois Buhund siehe Norwegischer Buhund Bulldogge siehe Englische Bulldogge Bullmastiff Bull Terrier Inhaltsverzeichnis A B C D E F G H I J K L M N O P Q R S T U V W X Y Z C Ca de Bestiar Ca de Bou, Mallorca Dogge Ca Rater Mallorquí Cairn Terrier Cane Corso Italiano, auch: Cane Di Maccelaio, Cane Corso Cane da Pastore Bergamasco Cane da Pastore Maremmano Abruzzese Cão da Serra da Estrela Cão da Serra de Aires Cão de Água Português, Portugiesischer Wasserhund Cão de Castro Laboreiro Castro Laboreiro-Hund Cão Fila de São Miguel Caravan Hound Carolina Dog Catahoula Bulldog Catahoula Leopard Dog siehe: Louisiana Catahoula Leopard Dog Cavalier King Charles Spaniel Ceský Fousek (Böhmisch Rauhbart) Český horský pes siehe Tschechischer Berghund Ceský Terrier, Tschechischer Terrier Chambray Chart Polski Polnischer Windhund Chesapeake Bay Retriever Chien d'Artois Chien de Montagne des Pyrénées Pyrenäen Berghund, Patou Chien de Trait Belge Chihuahua Chin auch Japan Chin Chinese Chongqing Dog Chinesischer Schopfhund Chinook Chippiparai Chodsky pes, Chodenhund Chongqing Dog Chortaj, Hortaya Borzaya Chow-Chow Cimarrón Uruguayo Ciobănesc Românesc, Rumänischer Schäferhund Ciobănesc Românesc Carpatin Ciobănesc Românesc Corb Ciobănesc Românesc de Bucovina Ciobănesc Românesc Mioritic Cirneco dell’Etna Clumber Spaniel Çoban Köpeği, siehe Anatolischer Hirtenhund Cocker Spaniel, English Cocker Spaniel Collie langhaarig kurzhaarig Combai Continental Bulldog Coonhound: Black and Tan Coonhound Bluetick Coonhound English Coonhound, Redtick Coonhound Plott Hound Redbone Coonhound Treeing Walker Coonhound Corgi siehe Welsh Corgi Cardigan und Welsh Corgi Pembroke Coton de Tuléar Curly Coated Retriever Cursinu Inhaltsverzeichnis A B C D E F G H I J K L M N O P Q R S T U V W X Y Z D Dackel, Dachshund, Teckel Dalmatiner Dandie Dinmont Terrier Dänische Dogge siehe Deutsche Dogge Dansk-Svensk Gårdshund Deerhound Designerhund siehe Hybridhund Deutsch Drahthaar Deutsch Kurzhaar Deutsch Langhaar Deutsch Stichelhaar Deutsche Bracke Deutsche Dogge Deutscher Boxer Deutscher Jagdterrier Deutscher Pinscher Deutscher Schäferhund Deutscher Spitz siehe Spitz (Hunderasse) Großspitz Kleinspitz Mittelspitz Wolfsspitz, Keeshond Zwergspitz Deutscher Wachtelhund Dingo Neuguinea-Dingo (Hallstrom Hund) Do Khyi Dobermann Dogo Argentino Dogo Canario Dreifarbiger Serbischer Laufhund ( Srpski Trobojni Gonic) Drentse Patrijshond Drever DSH (*) siehe Deutscher Schäferhund Dunker Inhaltsverzeichnis A B C D E F G H I J K L M N O P Q R S T U V W X Y Z E Elo Englische Bulldogge, Bulldog English Bull Terrier siehe Bull Terrier English Cocker Spaniel English Coonhound English Foxhound English Pointer English Setter English Shepherd English Springer Spaniel English Toy Spaniel bzw Englischer Toy Spaniel (King Charles Spaniel) English Toy Terrier Entlebucher Sennenhund Epagneul Breton Bretonischer Spaniel Epagneul Bleu de Picardie (Blauer Picardie-Spaniel) Epagneul de Pont-Audemer Pont-Audemer-Spaniel Epagneul de Saint-Usuge Epagneul Français (Französischer Spaniel) Epagneul Picard (Picardie-Spaniel) Erdélyi Kopó (Transylvanischer Laufhund – Ungarische Bracke) Eskimohund Eurasier Europäischer Schlittenhund / Scandinavian Hound Inhaltsverzeichnis A B C D E F G H I J K L M N O P Q R S T U V W X Y Z F Field Spaniel Fila Brasileiro Finnenbracke Finnischer Lapphund ( Suomenlapinkoira) Finnischer Lapplandhirtenhund siehe Lappländischer Rentierhund Finnischer Spitz Flat Coated Retriever Foxhound: English Foxhound, American Foxhound Foxterrier Foxterrier (Smooth) (Glatthaarig) Foxterrier (Wire) (Drahthaarig) Französische Bulldogge Französische Laufhunde Billy Français blanc et noir (Französischer Weiss-Schwarzer Laufhund) Français blanc et orange (Französischer Weiss-Oranger Laufhund) Français tricolore (Französischer Dreifarbiger Laufhund) Grand Anglo-Français blanc et noir Grand Anglo-Français blanc et orange Grand Anglo-Français tricolore Grand Bleu de Gascogne Grand Gascon Saintongeois Grand Griffon Vendéen Griffon Fauve de Bretagne Griffon Nivernais Poitevin Französischer Spaniel Französischer Vorstehhund Friesischer Wasserhund siehe Wetterhoun Inhaltsverzeichnis A B C D E F G H I J K L M N O P Q R S T U V W X Y Z G Galgo Español Gammel Dansk Hønsehund Altdänischer Vorstehhund Gelbbacke Glen of Imaal Terrier Golden Retriever Gonczy Polski Gordon Setter Gos d’Atura Català (Katalanischer Schäferhund) Gråhund Grand Anglo-Français blanc et noir Grand Anglo-Français blanc et orange Grand Anglo-Français tricolore Grand Basset Griffon Vendéen Grand Bleu de Gascogne Grand Gascon Saintongeois Grand Griffon Vendéen Great Japanese Dog amerikanischer Akita Greyhound Griffon à Poil Dur Griffon à Poil Laineux Griffon Belge Griffon bleu de Gascogne (Blauer Gascogne Griffon) Griffon Boulet siehe Griffon à Poil Laineux Griffon Bruxellois Griffon Fauve de Bretagne Griffon Korthals siehe Griffon à Poil Dur Griffon Nivernais Griechischer Laufhund, Griechische Bracke Groenendael siehe Belgischer Schäferhund Grönlandhund Großer Münsterländer Grosser Schweizer Sennenhund Großpudel siehe Pudel Großspitz siehe Deutscher Spitz Inhaltsverzeichnis A B C D E F G H I J K L M N O P Q R S T U V W X Y Z H Haldenstøver Hallstrom-Hund, Neuguinea-Dingo Hamiltonstövare Hannoverscher Schweißhund Harlekinpinscher Harrier Harzer Fuchs Havaneser Hawaiian Poi Dog Hellinikos Ichnilatis, (Griechischer Laufhund – Griechische Bracke) Hirtenhund der Abruzzen Bergamasker Hirtenhund Hokkaido-Hund Holländischer Spitz siehe Wolfsspitz Hollandse Herdershond, Hollandse Herderhond, Holländischer Schäferhund Hollandse Smoushond, Holländischer Smoushond Hortaya Borzaya siehe Chortaj Hovawart Hrvatski ovčar Kroatischer Schäferhund Hubertushund siehe Bloodhound Huntaway ( NZ Huntaway) Husky siehe Siberian Husky Hybridhund, Designerhund Hygenhund Inhaltsverzeichnis A B C D E F G H I J K L M N O P Q R S T U V W X Y Z I Illyrischer Schäferhund siehe Šarplaninac Inka-Nackthund siehe Peruanischer Nackthund Irischer Wolfshund siehe Irish Wolfhound Irish Red and White Setter Irish Red Setter Irish Soft Coated Wheaten Terrier Irish Terrier Irish Water Spaniel Irish Wolfhound Islandhund, Islandspitz, Isländischer Spitz, Isländischer Schäferhund Istarski kratkodlaki gonič (Kurzhaarige Istrische Bracke) Istarski oštrodlaki gonič (Rauhhaarige Istrische Bracke) Istrischer Schäferhund siehe Šarplaninac Italienische Bracke siehe Bracco Italiano Italienische Dogge siehe Mastino Napoletano Italienischer Kleinspitz siehe Volpino Italiano Italienischer Laufhund siehe Segugio Italiano Italienisches Windspiel Inhaltsverzeichnis A B C D E F G H I J K L M N O P Q R S T U V W X Y Z J Jack Russell Terrier Jakutischer Laika Jämthund Japan Chin, Chin Japanischer Terrier Japan Spitz Jonangi Jugoslawischer Dreifarbiger Laufhund ( Srpski Trobojni Gonic) Jugoslawischer Gebirgslaufhund ( Crnogorski Planinski Gonic) Jura Laufhund siehe auch Schweizer Laufhund Inhaltsverzeichnis A B C D E F G H I J K L M N O P Q R S T U V W X Y Z K Kai Kaikadi Kanaanhund Kanadischer Schäferhund siehe Berger Blanc Suisse Kanarische Dogge, siehe Dogo Canario Kangal (siehe auch Anatolischer Hirtenhund) Karakatschan Bulgarischer Hirtenhund Karelischer Bärenhund Karelo-Finnish Laika Kars-Hund (Kafkas) siehe Anatolischer Hirtenhund Karst-Schäferhund (Kraški ovčar) Katalanischer Schäferhund ( Gos D’Atura) Kaukasischer Owtscharka Keeshond siehe Wolfsspitz Kelb tal-Fenek, siehe Pharaonenhund, Pharaoh Hound Kelpie Keltenbracke Kerry Beagle Kerry Blue Terrier King Charles Spaniel Kintamani ( Anjing Kintamani Bali) Kishu Kleiner Münsterländer Kleinpudel siehe Pudel Kleinspitz Komondor Königspudel siehe Pudel Kontinentaler Zwergspaniel Papillon (*) (mit Stehohren) Phalène (mit Hängeohren) Kooikerhondje Kopov Korea Jindo Dog Kraški ovčar, Karst-Schäferhund Kritikos Lagonikos Kretischer Jagd/ Spürhund Kroatischer Schäferhund Hrvatski ovčar Kromfohrländer Kurzhaarcollie Kurzhaar Foxterrier eigentlich: Glatthaar Foxterrier Kurzhaarige Istrische Bracke Kuvasz Kyi Leo Inhaltsverzeichnis A B C D E F G H I J K L M N O P Q R S T U V W X Y Z L Labradoodle Labrador Retriever Lacy Dog, Lacy Game Dog, Lacy Hog Dog siehe Blue Lacy Laekenois, Belgischer Schäferhund Lagotto Romagnolo Laika: Jakutischer Laika Ostsibirischer Laika ( Vostotchno-Sibirskaïa Laïka) Russisch-Europäischer Laika ( Russko-Evropeïskaïa Laïka) Tschukotskaja Jesdowaja, Tschuktschen-Laika Westsibirischer Laika ( Zapadno-Sibirskaïa Laïka) Lakeland Terrier Lancashire Heeler Landseer Langhaarcollie Langhaarwhippet siehe Longhaired Whippet Lapphund Lappländischer Rentierhund Laverack Setter siehe English Setter Leonberger Leopard Cur siehe American Leopard Hound Levesque Lhasa Apso Longdog Longhaired Whippet Louisiana Catahoula Leopard Dog Löwchen Lundehund Norwegischer Lundehund Lupo Italiano Italienischer Wolfhund Lurcher Luzerner Laufhund Inhaltsverzeichnis A B C D E F G H I J K L M N O P Q R S T U V W X Y Z M Magyar Agar Magyar Vizsla siehe Vizsla Malamut Alaskan Malamute Malinois siehe auch Belgischer Schäferhund Malteser Manchester Terrier Maneto siehe Podenco Andaluz Maneto Maremmaner Hirtenhund (Cane da Pastore Maremmano Abruzzese) Markiesje Mastiff Mastín del Pirineo, Pyrenäen-Mastiff Mastín Español, Spanischer Mastiff Mastino Napoletano Mâtin McNab Mexikanischer Nackthund siehe Xoloitzcuintli Mikawa Inu siehe Shikoku Miniature American Shepherd Miniature Bull Terrier Mioritic Mittelasiatischer Schäferhund Zentralasiatischer Ovtscharka Mittelasiatischer Tazi, Tazi, Tazy Mittelschnauzer siehe Schnauzer Mittelspitz siehe Spitz Molosser Montenegrinischer Gebirgslaufhund ( Crnogorski Planinski Gonic) Mops, Pug Moskauer Wachhund Mucuchies Mudhol Hound Mudi Münsterländer, Kleiner-, Großer- Inhaltsverzeichnis A B C D E F G H I J K L M N O P Q R S T U V W X Y Z N Nederlandse Herdershond siehe Hollandse Herdershond Neufundländer Neuseeländischer Huntaway ( NZ Huntaway) Norfolk Spaniel auch English Springer Spaniel Norfolk Terrier Normand-Poitevin Norrbottenspitz ( Norbottenspets) Norwegischer Buhund ( Norsk Buhund) Norwegischer Elchhund: Norwegischer Elchhund grau ( Norsk Elghund Grå) Norwegischer Elchhund schwarz ( Norsk Elghund Sort) Norwegischer Lundehund Norwich Terrier Nova Scotia Duck Tolling Retriever, auch Toller Inhaltsverzeichnis A B C D E F G H I J K L M N O P Q R S T U V W X Y Z O Ogar Polski Ohar Old English Black and Tan Terrier Old White English Terrier Olde English Bulldogge Österreichischer Kurzhaarpinscher Osteuropäischer Schäferhund Otterhund Owtscharka (russischer) Kaukasischer Owtcharka ( Kawkazskaja Owtcharka) Südrussischer Owtscharka ( Juschnorusskaja Owtcharka) Zentralasiatischer Owtscharka ( Sredneasiatskaja Owtcharka) Inhaltsverzeichnis A B C D E F G H I J K L M N O P Q R S T U V W X Y Z P Pachon Navarro Pai siehe Shar-Pei Paleiyakaran Papillon (*) siehe Kontinentaler Zwergspaniel Pariahunde Parson Russell Terrier Pastor Garafiano Pastor Vasco Euskal Artzain Txakurra Patterdale Terrier Pekinese, Pekingese Perdigueiro Português Perdiguero de Burgos Perro de Agua Español Perro de Ganado Majorero siehe Majorero Canario Perro de Pastor Mallorquín siehe Ca de Bestiar Perro de Presa Canario Perro Dogo Mallorquín siehe Ca de Bou Perro Majorero (Bardino) siehe Majorero Canario Peruanischer Nackthund Petit Basset Griffon Vendéen Petit Bleu de Gascogne Petit Brabançon Petit gascon saintongeois Pharaonenhund, Pharaoh Hound, Kelb tal-Fenek Picardischer Schäferhund siehe Berger de Picardie Pinscher Affenpinscher Deutscher Pinscher Dobermann Österreichischer Pinscher siehe Österreichischer Kurzhaarpinscher Zwergpinscher Plott Hound Pocadan siehe Kerry Beagle Podenco Podenco Andaluz Podenco Andaluz Maneto Podenco Canario Podenco Enano Podenco Ibicenco Podenco Malgueno Podengo Português Pointer Poitevin Polnische Bracke Polnischer Laufhund siehe Ogar Polski Polnischer Niederungshütehund, Polski Owczarek Nizinny Polnischer Windhund Polski Owczarek Podhalanski Pommersche Hütehunde PON siehe Polnischer Niederungshütehund Porcelaine Portugiesischer Schäferhund siehe Cão da Serra de Aires Portugiesischer Wasserhund siehe Cão de Água Português Prager Rattler Prazsky Krysarik Prince Charles Pudel Pudelpointer Pug siehe Mops (Hunderasse) Puli Pumi Puwo (Experimenteller Pudel-Wolfs-Hybride) Pyrenäen-Berghund ( patou) Pyrenäen-Mastiff Pyrenäenschäferhund bzw. Pyrenäenhütehund: Berger des Pyrénées à face rase (Pyrenäen-Schäferhund mit kurzhaarigem Gesicht) Berger des Pyrénées à poil long (Langhaariger Pyrenäen-Schäferhund) Inhaltsverzeichnis A B C D E F G H I J K L M N O P Q R S T U V W X Y Z R Rafeiro do Alentejo Rajapalayam Rampur Hound Rastreador Brasileiro Rat Terrier Ratonero Bodeguero Andaluz Ratonero Mallorquín Ratonero Valenciano Rauhhaar Foxterrier siehe Foxterrier Rauhhaarige Istrische Bracke Rauhaariger Vizsla siehe Vizsla Redbone Coonhound Redtick Coonhound siehe English Coonhound Rehpinscher siehe Zwergpinscher Retriever Chesapeake Bay Retriever Curly Coated Retriever Flat-coated Retriever Golden Retriever Labrador Retriever Nova Scotia Duck Tolling Retriever Rhodesian Ridgeback Riesenschnauzer Rottweiler Rough Collie siehe Langhaarcollie Ruby (King-Charles-Spaniel) Rumänischer Hirtenhund bzw. Rumänischer Schäferhund siehe Ciobănesc Românesc Russischer Schwarzer Terrier Russischer Windhund siehe Barsoi Russkiy Toy Inhaltsverzeichnis A B C D E F G H I J K L M N O P Q R S T U V W X Y Z S Saarloos-Wolfhund Sabueso Español Saluki Samojede, auch Samoyede, Samoiedskaïa Sobaka Sanshu Sapsali, (Sapsaree) Šarplaninac Sauerländer Bracke siehe Steinbracke Save Bracke auch San Bracke Scandinavian Hound Schäferhund Deutscher Schafpudel Schapendoes Schensihund Schillerstövare Schipperke Schnauzer Schottischer Schäferhund siehe Collie Schwarzer Terrier siehe Russischer Schwarzer Terrier Schwarzwildbracke oder Slovensky Kopov Schwedischer Lapphund Schweißhund Schweizer Laufhund Berner Laufhund Jura Laufhund Luzerner Laufhund Schwyzer Laufhund Schweizerischer Niederlaufhund (Petit chien courant suisse) Berner Niederlaufhund Glatthaar Berner Niederlaufhund Rauhhaar Jura Niederlaufhund Luzerner Niederlaufhund Schwyzer Niederlaufhund Scottish Terrier Sealyham Terrier Segugio Italiano Segugio Italiano (Drahthaar) Segugio Italiano (Kurzhaar) Segusier Serbischer Laufhund ( Balkanski gonic) Shar-Pei Shetland Sheepdog, Sheltie Shiba-Inu Shih-Tzu Shikoku Siberian Husky Siegerländer Kuhhund siehe Kuhhund Silken Windhound Silken Windsprite siehe Longhaired Whippet Silky Terrier siehe Australian Silky Terrier Sizilianische Bracke siehe Cirneco dell’Etna Skye Terrier Sloughi Slovenský čuvač, Slowakischer tschuvatsch Slovenský Hrubosrsty Stavac (Ohar) (Slowakischer Rauhbart) Slovenský kopov Slowakischer Rauhbart siehe Slovenský hrubosrstý stavač Smålandsstövare Smooth Collie siehe Kurzhaarcollie Soft Coated Wheaten Terrier siehe Irish Soft Coated Wheaten Terrier Spaniel American Cocker Spaniel American Water Spaniel Boykin Spaniel Brittany Spaniel siehe Epagneul Breton Cavalier King Charles Spaniel Clumber Spaniel English Cocker Spaniel English Springer Spaniel Französischer Spaniel siehe Epagneul Français Field Spaniel Irish Water Spaniel King Charles Spaniel Kontinentaler Zwergspaniel Sussex Spaniel Tibet Spaniel (kein echter Spaniel, trotz des Namens) Welsh Springer Spaniel Spanische Dogge oder Spanischer Mastiff Spanischer Wasserhund, siehe Perro de Agua Español Spanischer Windhund siehe Galgo Español Spinone Italiano Spinone, Italienischer Rauhhaariger Vorstehhund Spitz St.-Bernhards-Hund siehe Bernhardiner Stabyhoun Stabyhond Staffordshire Bull Terrier, Staffordshire Terrier Steinbracke Steirische Rauhhaarbracke Stichelhaariger Bosnischer Laufhund (genannt Barak) siehe Bosanski Oštrodlaki Gonič – Barak Südosteuropäischer Schäferhund Südrussischer Schäferhund, Südrussischer Owtcharka ( Ioujnorousskaïa Ovtcharka) Suomenlapinkoira siehe Finnischer Lapphund Sussex Spaniel Inhaltsverzeichnis A B C D E F G H I J K L M N O P Q R S T U V W X Y Z T Taigan, kirgisischer Windhund Taiwanhund Tamaskan Tatrahund ( Polski Owczarek Podhalanski) Tazi, Tazy, siehe Mittelasiatischer Tazi Tchiorny Terrier siehe Schwarzer Terrier Teckel siehe Dackel Ténériffe alter Name des Bichon Frisé Tepeizeuintli siehe Xoloitzcuintli Telomian, Telomian Dog Terrier Terrier Brasileiro Tesem ( der ursprüngliche Pharaonenhund) Texas Blue Lacy siehe Blue Lacy Thai Bangkaew Dog Thai Ridgeback Tibet-Spaniel, Tibetanischer Spaniel Tibet-Terrier, Tibetanischer Terrier Tibetdogge, Tibetanischer Mastiff, Do-Khyi Tiroler Bracke Torfhund, Torfspitz prähistorischer Hund Tornjak kroatischer bzw. bosnischer Berghund Tosa Inu Toy American Eskimo siehe American Eskimo Dog Transsylvanischer Laufhund Treeing Tennessee Brindle Treeing Walker Coonhound Tschechischer Berghund Tschechischer Terrier Tschechoslowakischer Wolfhund Tschukotskaja Jesdowaja, Tschuktschen-Laika Tuareg-Windhund siehe Azawakh Turnspit Dog Inhaltsverzeichnis A B C D E F G H I J K L M N O P Q R S T U V W X Y Z U Ungarische Bracke Ungarische Hirtenhunde Ungarischer Schäferhund siehe Mudi Ungarischer Vorstehhund siehe Vizsla Ungarischer Windhund siehe Magyar Agar Urhund Urrador oder Urrador Americano siehe Rastreador Brasileiro V Västgötaspets Verdino siehe Perro de Ganado Majorero, Bardino Villano de las Encartaciones Villanuco de Las Encartaciones Vizsla Drahthaar Vizsla (Drótszőrű Magyar Vizsla) Kurzhaar Vizsla (Rövidszőrű Magyar Vizsla) Volpino Italiano, Italienischer Kleinspitz Inhaltsverzeichnis A B C D E F G H I J K L M N O P Q R S T U V W X Y Z W Wachtel siehe Deutscher Wachtelhund Wäller Weimaraner Weißer Schäferhund siehe Berger Blanc Suisse Welsh Corgi Cardigan Welsh Corgi Pembroke Welsh Sheepdog auch Bugeilgi oder Welsh Collie Welsh Springer Spaniel Welsh Terrier West Highland White Terrier Westerwälder Kuhhund, siehe Kuhhund Westfälische Dachsbracke Westsibirischer Laika siehe Laika Wetterhoun Whippet Windhunde Afghanischer Windhund, Afghane Azawakh Barsoi Chart Polski Deerhound Galgo Español Greyhound Irischer Wolfshund Italienisches Windspiel Magyar Agar Ungarischer Windhund Saluki Sloughi Whippet Windspiel, siehe Italienisches Windspiel Wolfhund siehe Tschechoslowakischer Wolfhund Wolfshund siehe Irish Wolfhound Wolfsspitz, Holländischer Spitz, Keeshond Working Kelpie Inhaltsverzeichnis A B C D E F G H I J K L M N O P Q R S T U V W X Y Z X Xoloitzcuintle Mexikanischer Nackthund Y Yorkshire Terrier Z Zentralasiatischer Ovtscharka Zentralasiatischer Schäferhund Zwerg Bull Terrier, Mini Bull Terrier siehe Bull Terrier Zwergdackel, Zwergteckel Zwergpinscher Zwergpudel Zwergschnauzer Zwergspitz Zwergteckel, Zwergdackel Inhaltsverzeichnis A B C D E F G H I J K L M N O P Q R S T U V W X Y Z ","title":"Bull_Terrier - DOG TUBE","desc":null,"details":{"length":24645,"language":"de","date":"2014/10/31 16:18:35","type":"application/xhtml+xml","country":""},"crawling":{"duration":"1","date":"2014/10/31 16:18:35"},"metas":[{"name":"google-site-verification","value":"O-_xbxKlqahA_b2TVWo6J-rmbLjOF8X2jguWTMtP3WU"}],"uri":{"protocol":"http","domain":"de.shopfordogs.","url":"http://shopfordogs.de/tube/?a=search&category=sports&orderby=this_week&q=bull_terrier"}}},{"_index":"de_content_201410","_type":"resourceQ","_id":"http://ltsinfo.de/index.php?page=help&s=e220b622ddb2930503aae6bf9c13ffa799a7709c","_score":1.0, "_source" : {"body":" Sie sind nicht angemeldet. Anmelden Registrieren Sprache ändern Deutsch Englisch LTS Telematik und Software Startseite Forum Kalender LTS Telematik und Software » Hilfe Smartphone-Version Smartphone-Version Fernwartung Fernwartung Nur für Kunden Foren-Übersicht Öffentlicher Bereich  »  News  »  Wir über uns  »  Allgemeine Informationen  »  Referenzen  »  Fragen und Antworten  »  Jobs Support  »  Freie Produkte  »  Vollversionen Kundenbereich Inhaltsverzeichnis Allgemeine Bedienungskonzepte Benutzerkonto (Profil) Mitglieder Texte schreiben Suche Forum Private Nachrichten Moderation Hilfe Sie befinden sich auf den Hilfeseiten der Website »LTS Telematik und Software«. Hier finden Sie Informationen, welche Möglichkeiten Sie bei der Benutzung der Website haben. 1. Allgemeine Bedienungskonzepte Auf dieser Website wird Ihnen ein durchgehend einheitliches Bedienungskonzept geboten, mit immer wiederkehrenden Elementen (Menüs, Schaltflächen und Symbole) - um Ihnen die Bedienung dieser Website so einfach wie möglich zu machen. Wichtig: Der... 2. Benutzerkonto (Profil) Um alle Funktionen dieser Seite nutzen zu können, benötigen Sie ein eigenes Benutzerkonto (Profil). Dazu müssen Sie sich registrieren und anmelden. 3. Mitglieder Wenn Sie sich auf der Seite registriert haben, sind Sie eines von vielen Mitgliedern. Unter Mitglieder finden Sie andere registrierte Mitglieder auf dieser Seite und können deren Profile betrachten. 4. Texte schreiben Beim Schreiben von Texten auf dieser Seite können Sie auf einige Hilfsmittel zurückgreifen, um Ihre Texte besser auszugestalten. Texte werden in der Hilfe auch Nachrichten oder Beiträge genannt. Die möglichen Hilfsmittel werden nachfolgend... 5. Suche Im Kopfbereich jeder Seite finden Sie ein Suchfeld, dessen Funktion sich dynamisch der gerade angezeigten Seite anpasst. Sie durchsuchen immer den aktuellen Bereich, in dem Sie sich gerade befinden. Benutzen Sie also die Suchfunktion während Sie in... 6. Forum Nachfolgend finden Sie Erklärungen zu den wichtigsten Bestandteilen des Forums. Dazu zählen die Themen und Beiträge, Abonnements, sowie Foren und Kategorien. 7. Private Nachrichten Senden Sie anderen Mitgliedern der Seite private Nachrichten (PN), um untereinander ins Gespräch zu kommen. Ihnen stehen dabei ähnliche Funktionen zur Verfügung, wie Sie dies von Ihrem E-Mail-Programm kennen. Das Icon vor der Nachricht signalisiert... 8. Moderation Moderatoren haben wie Administratoren spezielle Rechte, so dass sie Inhalte von anderen Nutzern bearbeiten und löschen können. Um die moderativen Funktionen nutzen zu können ist aktiviertes Javascript erforderlich. Unter Profil bearbeiten »... Persönliche Box Anmelden Registrieren Foren als gelesen markieren Hilfe Impressum Sonntag, 6. Juli 2014, 23:39 Zum Seitenanfang Forensoftware: Burning Board® Lite, entwickelt von WoltLab® GmbH Dauerhaft angemeldet bleiben? ","title":"Hilfe - LTS Telematik und Software","desc":"Telematik und Software Ortungsportal Fahrzeugortung","details":{"length":2882,"language":"de","date":"2014/10/31 16:18:35","type":"application/xhtml+xml","country":""},"crawling":{"duration":"1","date":"2014/10/31 16:18:35"},"metas":[{"name":"description","value":"Telematik und Software Ortungsportal Fahrzeugortung"},{"name":"keywords","value":"telematik software ortung gps maßgeschneidert softwareentwicklung datenbank lkw pkw "},{"name":"robots","value":"noindex,nofollow"}],"uri":{"protocol":"http","domain":"de.ltsinfo.","url":"http://ltsinfo.de/index.php?page=help&s=e220b622ddb2930503aae6bf9c13ffa799a7709c"}}},{"_index":"de_content_201410","_type":"resourceQ","_id":"http://enova.de/index.php?bid=748&hid=249&m=1&sid=mpe6rsa5m5r8li1prvqumfcts3m6v9m6","_score":1.0, "_source" : {"body":" Sitemap    Impressum    Disclaimer Home Aktuell Stellenangebote News-Archiv Unternehmen Philosophie Geschichte Leistungen Mitarbeiter Sponsoring Windenergie Offshore Neue Windparkplanungen NSWP 8-15 Hochtief Offshore Development 1-4 Innogy Nordsee 1-3 Delta Nordsee 1 und 2 Riffgat Forschungsaktivitäten Nearshore Windenergie Onshore Neue Planungen Repowering Onshore-Referenzen Betriebsergebnisse International Griechenland Windpark Korfu Solarpark Korfu Geplante Projekte Photovoltaik Referenzobjekte Beteiligungsangebote Projektfinanzierung Onshore Projektfinanzierung Offshore Aktuelle Beteiligungen Kontakt Anfahrt Aktuell Stellenangebote News-Archiv ENOVA Energiesysteme GmbH & Co.KG Steinhausstraße 112 26831 Bunderhee fon: +49 (0) 4953 9290-0 fax: +49 (0) 4953 9290-29 E-Mail: ENOVA auf der Windforce 2014 Vom 17. bis zum 19. Juni findet in Bremen die WINDFORCE 2014 statt, die zentrale Veranstaltung der Offshore-Windbranche. Im Bereich des Messegeländes wird auch ENOVA gemeinsam mit der EWE Offshore Service & Solutions GmbH vertreten sein. Als erfahrener Projektentwickler wird ENOVA ihr umfassendes Dienstleistungsangebot im Bereich der Offshore-Windenergie vorstellen. Insgesamt werden rund 300 Aussteller erwartet. Darunter werden sich Unternehmen entlang der gesamten Offshore Wertschöpfungskette präsentieren zu denen Hersteller, Planer und Betreiber, Service- und Logistikunternehmen sowie Forschungsinstitute, Zulieferer und Versicherer zählen. Begleitet wird die Ausstellung von einer Fachkonferenz. Hier kann auf nationaler und internationaler Ebene unter anderem über Märkte und Projekte, Umweltschutz und Forschung diskutiert werden. Sie finden uns vor Ort am Stand F23, Halle 5. Adresse Messe Bremen und Congress Centrum Bremen Bügerweide/Findorfstrasse 101 28215 Bremen << zurück   english Seite drucken Betriebsergebnisse RSS-Feed abonnieren WebCam AlphaVentus Aktuelle Meldungen 22.05.2014 ENOVA auf der Windforce 2014 weiterlesen 24.03.2014 ENOVA: Auftragsvergabe für Windpark Hillekopf weiterlesen 19.12.2013 Repowering Memgaste weiterlesen 05.11.2013 Offshore-Windparks fördern Artenvielfalt weiterlesen 05.11.2013 Offshore-Windpark Riffgat für Netzanschluss vorbereitet weiterlesen 11.09.2013 Windenergie im Fokus: Die 3. Emder Offshore-Tage weiterlesen     Home Aktuell Stellenangebote News-Archiv Unternehmen Philosophie Geschichte Leistungen Mitarbeiter Sponsoring Windenergie Offshore Neue Windparkplanungen NSWP 8-15 Hochtief Offshore Development 1-4 Innogy Nordsee 1-3 Delta Nordsee 1 und 2 Riffgat Forschungsaktivitäten Nearshore Windenergie Onshore Neue Planungen Repowering Onshore-Referenzen Betriebsergebnisse International Griechenland Windpark Korfu Solarpark Korfu Geplante Projekte Photovoltaik Referenzobjekte Beteiligungsangebote Projektfinanzierung Onshore Projektfinanzierung Offshore Aktuelle Beteiligungen Kontakt Anfahrt   © ENOVA Energiesysteme GmbH & Co.KG · Steinhausstraße 112 · 26831 Bunderhee · fon: +49 (0) 4953 9290-0 · fax: +49 (0) 4953 9290-29 · E-Mail: | Impressum | Disclaimer ","title":"ENOVA - Windenergie Solarenergie Biogas Energiemanagement","desc":"ENOVA - Windenergie Solarenergie Biogas Energiemanagement","details":{"length":3043,"language":"de","date":"2014/10/31 16:18:35","type":"text/html","country":""},"crawling":{"duration":"1","date":"2014/10/31 16:18:35"},"metas":[{"name":"Publisher","value":"ENOVA - Windenergie Solarenergie Biogas Energiemanagement"},{"name":"Copyright","value":"ENOVA - Windenergie Solarenergie Biogas Energiemanagement"},{"name":"keywords","value":"ENOVA - Windenergie Solarenergie Biogas Energiemanagement"},{"name":"description","value":"ENOVA - Windenergie Solarenergie Biogas Energiemanagement"},{"name":"content-language","value":"DE"},{"name":"Author","value":"ENOVA - Windenergie Solarenergie Biogas Energiemanagement"},{"name":"page-topic","value":""},{"name":"Abstract","value":""},{"name":"distribution","value":"global"},{"name":"revisit-after","value":"2 days"},{"name":"robots","value":"index, follow"}],"uri":{"protocol":"http","domain":"de.enova.","url":"http://enova.de/index.php?bid=748&hid=249&m=1&sid=mpe6rsa5m5r8li1prvqumfcts3m6v9m6"}}},{"_index":"de_content_201410","_type":"resourceQ","_id":"http://gallery.blasorchester-wachenbuchen.de/gallery/displayimage.php?album=27&pos=26","_score":1.0, "_source" : {"body":" Blasorchester Wachenbuchen 1960 e.V. Startseite Anmelden Alben-Liste Neueste Uploads Neueste Kommentare Am meisten angesehen Am besten bewertet Meine Favoriten Suche Galerie > Sonstiges > Archiv > Kerb 2005 > Kerb 2005 Fruehschoppen Datei 27/47 http://www.hjstumpf.de Datei-Information Dateiname: Frühschoppen05_27.jpg Name des Albums: admin / Kerb 2005 Fruehschoppen Bewertung (1 Stimmen): DateigrÃ¶ÃŸe: 438 KB HinzugefÃ¼gt am: 10.September 2005 Abmessungen: 1024 x 1540 Pixel Angezeigt: 232 mal URL: http://www.gallery.blasorchester-wachenbuchen.de/gallery/displayimage.php?pos=-569 Favoriten: zu Favoriten hinzufÃ¼gen Powered by Coppermine Photo Gallery ","title":"Blasorchester Wachenbuchen 1960 e.V. - Kerb 2005 Fruehschoppen/Frühschoppen05 27","desc":null,"details":{"length":658,"language":"de","date":"2014/10/31 16:18:36","type":"application/xhtml+xml","country":""},"crawling":{"duration":"1","date":"2014/10/31 16:18:36"},"metas":[],"uri":{"protocol":"http","domain":"de.blasorchester-wachenbuchen.gallery.","url":"http://gallery.blasorchester-wachenbuchen.de/gallery/displayimage.php?album=27&pos=26"}}},{"_index":"de_content_201410","_type":"resourceQ","_id":"http://schuwi-media.de/forum/index.php?s=394875e9d9aa0890c0ba3cda2395afae","_score":1.0, "_source" : {"body":" Hauptmenü Portal Forum Login Name: Passwort: Angemeldet bleiben? Passwort vergessen? Registrieren » Portal Letzte 10 aktive Themen 14.06.2014, 18:51: Meine ganzen Spiele verkaufen von Administrator 10.06.2014, 11:52: Probs mit Drucker von Arosa 18.05.2014, 11:50: Spartipps für handys von Ortinhard 18.05.2014, 11:49: Frage zu einem Problem :P von Ortinhard 13.05.2014, 08:50: Neu hier von Arosa 07.05.2014, 18:14: Büroausstattung? von Administrator 07.05.2014, 17:14: Konsolenspiele im Internet verkaufen von stellenweise 07.05.2014, 17:12: Anderen Internet Anbieter von stellenweise 23.04.2014, 16:45: SEO Consulting? von jj-oklay 16.03.2014, 12:27: Benötige Hilfe bei Druckerpatronen von Schaballa Impressum Alle Zeiten sind GMT +1 (Sommerzeit) Viscacha 0.8 RC3 Copyright © by MaMo Net ","title":" » Portal","desc":null,"details":{"length":790,"language":"de","date":"2014/10/31 16:18:37","type":"application/xhtml+xml","country":""},"crawling":{"duration":"1","date":"2014/10/31 16:18:37"},"metas":[{"name":"generator","value":"Viscacha (http://www.viscacha.org)"}],"uri":{"protocol":"http","domain":"de.schuwi-media.","url":"http://schuwi-media.de/forum/index.php?s=394875e9d9aa0890c0ba3cda2395afae"}}},{"_index":"de_content_201410","_type":"resourceQ","_id":"http://lokalefirmen.de/luwoge-gmbh67063-ludwigshafen-1939695","_score":1.0, "_source" : {"body":" Sie sind hier: Branchenbuch - Rheinland-Pfalz - 67063 - Ludwigshafen LUWOGE GmbH Brunckstr. 49 67063 Ludwigshafen Rheinland-Pfalz Telefon: 0621-6041001 Telefax: 0621-6041555 http://www.luwoge.de LUWOGE, das Wohnungsunternehmen der BASF. Diesen Eintrag melden Wenn Sie einen schlechten Branchenbucheintrag melden oder Ihren eigenen Daten bearbeiten möchten, schreiben Sie uns bitte eine kurze E-Mail. Wir pflegen Ihre Änderungswünsche dann kostenlos für Sie ein und stehen Ihnen gerne mit Rat und Tat zur Seite. Unsere E-Mail-Adresse entnehmen Sie bitte dem Impressum. Um Missbrauch zu vermeiden geben Sie bitte eine Rufnummer und die ID 1939695 an. Partnerportale Oyando Branchenbuch, Auskunft Lokale Firmen Suche Branchenbuch, Auskunft Lokale Firmen Branchenbuch, Auskunft Lokale Firmen Presse Branchenbuch, Auskunft Lokale Firmen Suche Branchenbuch, Auskunft Lokale Firmen Suche Branchenbuch, Auskunft Freundeskreis Youtube Firmenpräsentationen & Videos Facebook Besuchen Sie unsere Fanpage Twitter Aktuelle Kurznachrichten Ihr Basis-Eintrag im Branchenbuch Sichern Sie sich jetzt Ihren Basis-Eintrag im Branchenbuch und machen Sie damit Kunden aus Deutschland, Österreich und der Schweiz auf sich aufmerksam. Jetzt Kostenlos anmelden Branchenbuch ein Angebot Ihrer Agentur für neue Medien. © 2014 Impressum ","title":"LUWOGE GmbH    - Branchenbuch Ludwigshafen","desc":"Sie suchen nach LUWOGE GmbH? Hier finden Sie Hersteller, Firmen und Unternehmen in Ludwigshafen","details":{"length":1311,"language":"de","date":"2014/10/31 16:18:37","type":"application/xhtml+xml","country":""},"crawling":{"duration":"1","date":"2014/10/31 16:18:37"},"metas":[{"name":"language","value":"de"},{"name":"keywords","value":"Branchenbuch, Auskunft, Firmen,"},{"name":"description","value":"Sie suchen nach LUWOGE GmbH? Hier finden Sie Hersteller, Firmen und Unternehmen in Ludwigshafen"},{"name":"language","value":"de"},{"name":"robots","value":"index,follow"}],"uri":{"protocol":"http","domain":"de.lokalefirmen.","url":"http://lokalefirmen.de/luwoge-gmbh67063-ludwigshafen-1939695"}}},{"_index":"de_content_201410","_type":"resourceQ","_id":"http://ayport.de/forum/faq.php?sid=59da0dd1e0ceb26c51ea8fc267882c26","_score":1.0, "_source" : {"body":" Ayport Oturum Aç    Kayıt Ol Pano Kılavuzu Sistem saati: Pzr Tem 06, 2014 10:39 pm Ayport Portal Pano anasayfası Tüm zamanlar UTC [ DST ] Sık Sorulan Sorular Oturum Açma ve Kayıt Konuları Neden oturum açamıyorum? Neden üye olmalıyım? Neden oturumum otomatik olarak kapanıyor? Aktif üye listesinde kullanıcı adımın görünmesini nasıl engellerim? Parolamı unuttum! Kayıt oldum ancak oturum açamıyorum! Daha önce üye olduğum halde neden oturum açamıyorum?! COPPA nedir? Neden kayıt olamıyorum? “Tüm pano çerezlerini sil” ne yapar? Kullanıcı Tercihleri ve Ayarları Ayarlarımı nasıl değiştirebilirim? Zamanlar doğru değil! Zaman dilimini değiştirmeme rağmen zaman hala yanlış! Listede benim dilim mevcut değil! Kullanıcı adımın altında nasıl resim gösterebilirim? Seviye nedir ve nasıl değiştirebilirim? Üyeye e-posta gönder butonuna basınca neden oturum açmam isteniyor? Gönderim Konuları Bir forumda nasıl başlık açabilirim? Bir iletiyi nasıl değiştirebilir veya silerim? İletime imzamı nasıl eklerim? Nasıl anket oluştururum? Neden daha fazla anket seçeneği oluşturamıyorum? Bir anketi nasıl düzenleyebilir ya da silebilirim? Bazı forumlara neden erişemiyorum? Neden eklenti yükleyemiyorum? Neden bir uyarı aldım? İletileri yetkililere nasıl rapor ederim? Konu gönderimindeki “Kaydet” butonu ne için? Neden iletimin onaylanması gerekiyor? Konumu nasıl güncel tutabilirim? Biçimlendirme ve Başlık Tipleri Biçim kodu nedir? HTML kullanabilir miyim? İfadeler nedir? Resim gönderebilir miyim? Genel duyuru nedir? Duyuru nedir? Sabit konu nedir? Kilitli konu nedir? Konu ikonu nedir? Kullanıcı Seviyeleri ve Gruplar Yönetici nedir? Yetkili nedir? Kullanıcı grubu nedir? Kullanıcı grupları nerede ve bir gruba nasıl katılırım? Nasıl bir grup lideri olabilirim? Neden bazı gruplar farklı renkte görünüyor? “Varsayılan Kullanıcı Grubu” nedir? “Yönetim ekibi” bağı nedir? Özel Mesajlaşma Özel mesaj gönderemiyorum! İstenmeyen özel mesajlar almaya devam ediyorum! Bu pano üyelerinden birinden istenmeyen ya da olumsuz içerikli e-posta alıyorum! Arkadaşlar ve Yasaklılar Arkadaşlarım ve yasaklılar listesi nedir? Arkadaşlarım / yasaklılar listesine kullanıcıları nasıl eklerim? Forumlarda Arama Bir forumda veya forumlarda nasıl arama yaparım? Neden “Sonuç bulunamadı” hatasını alıyorum? Neden arama sonucunda boş bir sayfaya dönüyorum!? Üyeler için nasıl ararım? Kendi iletilerimi ve konularımı nasıl bulurum? Konu İzlemeleri ve Sık Kullanılanlar Sık kullanılanlar ile konuya kaydolmak arasında nasıl bir fark vardır? Belli bir forum ya da başlığa kaydolmak için ne yapmalıyım? Aboneliklerimi nasıl silebilirim? Eklentiler Bu panoda hangi eklentilere izin verilmekte? Kendime ait tüm eklentileri nasıl bulabilirim? phpBB3 Konuları Bu mesaj panosunu kim yazdı? Bu yazılımı kim Türkçe’ye tercüme etti? Neden X özelliği yok? Bu panodaki hatalı kullanım ve/veya yasal konularla ilgili olarak kimle iletişim kurmalıyım?   Oturum Açma ve Kayıt Konuları » Neden oturum açamıyorum? Bunun farklı sebepleri olabilir. Öncelikle, kullanıcı adı ve parolanızın doğru olduğuna emin olun. Eğer doğruysa, uzaklaştırılmadığınızı doğrulamak için pano yöneticisi ile irtibata geçin. Aynı zamanda yönetici düzeltilmesi gereken bir hata da yapmış olabilir. Sayfa başı » Neden üye olmalıyım? Böyle bir zorunluluğunuz olmayabilir. İleti gönderebilmek için üye olmanızın gerekip gerekmeyeceği pano yöneticisine bağlıdır. Yine de üye olmak, misafir ziyaretçiler için mevcut olmayan avatar belirleme, özel mesaj, kullanıcılar arası e-posta, grup üyeliği gibi bazı ek özellikleri kullanımınıza sunacaktır. Kayıt olmanız önerilir ve bu işlem sadece birkaç dakika alır. Sayfa başı » Neden oturumum otomatik olarak kapanıyor? Eğer oturum açarken Beni hatırla kutusunu işaretlemezseniz pano sizi sadece mevcut oturum boyunca çevirimiçi olacak şekilde tutacaktır. Bu hesabınızın başka biri tarafından kullanılmasını engeller. Sürekli bağlı kalmak istiyorsanız kutuyu işaretleyebilirsiniz. Kütüphane, internet cafe, üniversite bilgisayar labaratuvarı gibi paylaşıma açık bilgisayarlarda bu şekilde giriş yapmanız önerilmez. Eğer kontrol kutusunu göremiyorsanız, bu pano yöneticisinin bu özelliği pasif hale getirdiği anlamına gelir. Sayfa başı » Aktif üye listesinde kullanıcı adımın görünmesini nasıl engellerim? Kullanıcı panelinizdeki “Pano seçenekleri” altında Çevirimiçi olduğumu gizle seçeneğini göreceksiniz. Eğer bu seçeneği Evet olarak işaretleyerek aktif hale getirirseniz, sadece pano yöneticileri, yetkililer ve kendiniz tarafından görünür hale geleceksiniz. Gizli üye olacaksınız. Sayfa başı » Parolamı unuttum! Endişelenmeyin! Parolanıza ulaşamamanız durumunda yeni bir parola oluşturulabilir. Bu durumda oturum açma sayfasına gidin ve Parolamı unuttum bağlantısına tıklayın, talimatları uygulayın ve zaman kaybetmeden tekrar çevirimiçi olun. Sayfa başı » Kayıt oldum ancak oturum açamıyorum! Öncelikle, doğru kullanıcı adı ve parola girdiğinizden emin olun. Eğer doğruysa iki nedenden oturum açamıyor olabilirsiniz. Eğer COPPA desteği aktif hale getirilmişse ve kayıt esnasında 13 yaşından küçük olduğunu ifade etmişseniz, size gönderilen yönergeyi takip edin. Bazı pano yöneticileri üyelerin aktif olarak panoyu kullanmaları için kendilerinin ya da üyelerin kendi üyeliklerini aktif hale getirmesini zorunlu kılmaktadır; bu bilgi kayıt aşamasında size ifade edilmektedir. Eğer size bir e-posta geldiyse, e-postadaki talimatları takip edin. Eğer size bu e-posta ulaşmadıysa, yanlış bir e-posta adresi vermiş olabilir, e-posta bir istenmeyen posta filtresine takılmış olabilir. Eğer verdiğiniz e-postanın doğruluğundan eminseniz, yöneticilerden birine ulaşmayı deneyin. Sayfa başı » Daha önce üye olduğum halde neden oturum açamıyorum?! Kayıt aşamasında verdiğiniz e-posta adresine gönderilen iletide mevcut bulunan kullanıcı adınızı ve parolanızı kontrol edin ve yeniden oturum açmayı deneyin. Bir sebeplerden ötürü yöneticilerden biri kullanıcı adınızı silmiş ya da üyeliğinizi pasif hale getirmiş olabilir. Bununla birlikte, bir çok pano yöneticisi veritabanının aşırı kullanımını önlemek için uzun bir süre herhangi bir katılım göstermeyen üyeleri belli aralıklarla silmektedir. Eğer ikinci ihtimal söz konusu ise yeniden kayıt olmayı ve daha aktif bir katılım göstermeyi deneyin. Sayfa başı » COPPA nedir? COPPA, \"1998 Çevirimiçi Çocuk Güvenliği ve Koruması Hareketi\", Birleşik Devletlerin 13 yaşından küçük çocukların bilgi toplamak için ailelerinden yazılı izin almalarını gerektiren bir kanun ya da yasal varislerin bilgilendirilmesi ve 13 yaşından küçüklerin kişisel bilgilerinin toplanmasına izin vermesi metodudur. Eğer kayıt esnasında bu durumun size uyduğundan emin değilseniz yardım için yasal danışmanınıza başvurabilirsiniz. Unutmayın ki; phpBB size yasal öneriler sağlayamaz ve kayıt anlaşmasındaki kurallar dışında herhangi bir yasal bağlantı noktası belirtemez. Sayfa başı » Neden kayıt olamıyorum? Pano yöneticisi IP adresinizi yasaklamış olabilir veya kullanıcı adınız izinli olmayabilir. Yeni ziyaretçi kaydı alımı da engellemiş olabilir. Yardım için pano yöneticisine başvurabilirisniz. Sayfa başı » “Tüm pano çerezlerini sil” ne yapar? “Tüm pano çerezlerini sil” panoya bağlı kalmanızı sağlamak için phpBB3 tarafından oluşturulan bütün çerezleri siler, ve aynı zamanda eğer pano yöneticisi ayarlamışsa izlerin okunması gibi fonksiyonlar sağlar. Eğer oturum açma esnasında sorun yaşıyorsanız, bütün pano çerezlerini silmeniz sorununuzun çözümüne yardımcı olabilir. Sayfa başı Kullanıcı Tercihleri ve Ayarları » Ayarlarımı nasıl değiştirebilirim? Eğer kayıtlıysanız bütün ayarlarınız veri tabanında tutulur. Ayarlarınızı değiştirmek için, Kullanıcı Kontrol Panelinize girin; pano sayfalarının hepsinin üst kısmında bulunan bir bağlatıdır. Bu sistem bütün tercih ve ayarlarınızı değiştirmenizi sağlayacaktır. Sayfa başı » Zamanlar doğru değil! Panonun zaman dilimi sizinkinden farklı olabilir. Eğer durumunuz buna uyuyorsa kullanıcı panelinize gidin, hesabınızdaki zaman dilimini Londra, Paris, New York, Sidney gibi özel bir alanla değiştirin. Unutmayın ki zaman dilimini değiştirmeniz diğer ayarlarda olduğu gibi kayıtlı üye olmanıza bağlıdır. Eğer kayıtlı üye değilseniz bu kaydolmak iyi bir zaman olabilir. Sayfa başı » Zaman dilimini değiştirmeme rağmen zaman hala yanlış! Eğer zaman dilimi ve Yaz Saati uygulamasını (DST) doğru yaptığınızdan eminseniz ve zaman hala yanlışsa, bunun sebebi sunucu saatının yanlış olmasıdır. Lütfen, yöneticiyi problemin düzeltilmesi için durumdan haberdar edin. Sayfa başı » Listede benim dilim mevcut değil! Bunun muhtemel sebepleri yöneticinin sizin dilinizi yüklememiş olması ya da kimsenin bu pononun sizin dilinize henüz tercümesini yapmamış olması olabilir. Lütfen, yöneticiye sizin dilinizin yüklü olup olmadığını sorun. Eğer dil paketi yoksa tercüme yapma özgürlüğünüz vardır. Daha fazla bilgi için phpBB Grubunun web sitesini ziyaret edebilirisiniz (sayfa altındaki bağlantıya bakınız). Sayfa başı » Kullanıcı adımın altında nasıl resim gösterebilirim? İletilere bakarken kullanıcı adınızın altında iki resim olabilir. Kullanılan stile bağılı olarak, birinci resim sizin seviyeniz ile ilgilidir, genel olarak yıldızlardan ya da sizin ne kadar ileti gönderdiğinizi ya da forumdaki statünüzü gösteren bir blok olabilir. Aşağısında avatar diye bilinen daha geniş bir resim olabilir, bu genel olarak kullanıcıya özeldir. Avatar kullanımını aktif hale getirmek pano yöneticisine bağlıdır ve nasıl bir avatarın gösterilebileceği konusunda seçim yapma hakkına sahiptirler. Eğer avatar kullanamıyorsanız bu pano yöneticisinin kararıdır, bu durumun sebebini yöneticilere sorabilirsiniz. Sayfa başı » Seviye nedir ve nasıl değiştirebilirim? Seviye, kullanıcı adınızın altında görünür ve gönderdiğiniz ileti sayısını gösterir ya da yetkili ve yönetici gibi belli kullanıcıları belli eder. Genel olarak seviyenizi doğrudan değiştiremezsiniz çünkü; bu seviyelerin yönetimi pano yöneticisine aittir. Lütfen, sadece ileti sayınızı arttırmak için panoyu amacı dışında kullanmayın, muhtemelen yetkili ya da yöneticiler tarafından bu iletiler bulunacak ve iletileriniz silinerek basit bir şekilde seviyeniz düşürülecektir. Sayfa başı » Üyeye e-posta gönder butonuna basınca neden oturum açmam isteniyor? Sadece kayıtlı kullanıcılar (mesaj panosu yöneticisinin izin vermesi durumunda) e-posta gönderebilir. Bunun amacı e-posta hizmetinin kayıt olmayan kullanıcların olumsuz kullanımlarını engellemektir. Sayfa başı Gönderim Konuları » Bir forumda nasıl başlık açabilirim? Forumların birinde yeni konu açmak için forumun üstündeki ya da ileti sayfasındaki ilgili butonu tıklayın. Bir ileti göndermeden önce kayıt olmanız gerekebilir, sizin için kullanılabilir olan özellikler panonun alt kısmında ve başlık ekranında listelenmiştir. Örneğin: Yeni başlık açabilirsiniz, Anketlerde oy kullanabilirsiniz, gibi Sayfa başı » Bir iletiyi nasıl değiştirebilir veya silerim? Eğer yönetici ya da yetkili değilseniz sadece kendi iletinizde değişiklik ya da silme işlemi yapabilirsiniz. Bir iletiyi o ileti ile ilgili düzenleme butonunu tıklayarak değiştirebilirsiniz, bazen bu işlem için bir zaman kısıtlaması konulabilir.Eğer siz ileti yazdıktan sonra başka biri ileti göndermişse değiştirme ekranından ileti gösterim ekranına döndüğünüz zaman iletinizin altında kısa bir metin gösterilecektir, bu metinde iletiyi ne zaman ve kaç defa değiştirdiğiniz listelenecektir. Bu metin eğer başka biri ileti göndermemişse gösterilmeyecektir, yetkili ya da yöneticiler tarafından yapılan değişiklikler de gösterilmeyecektir. Bu durumda size düzenleme ile ilgili bir not yazmaları yetkili ya da yöneticilerin kendi tercihine kalmıştır. Unutmayın ki, normal kullanıcılar kendi iletilerinden sonra başka birinin ileti göndermesi durumunda iletilerini silemezler. Sayfa başı » İletime imzamı nasıl eklerim? İletinize imza eklemek için öncelikle Kullanıcı Paneliniz aracılığı ile bir imza oluşturmalısınız. Aynı zamanda uygun kontrol kutusunu işaretlemek suretiyle varsayılan imza olarak bütün iletilerinize ekleyebilirsiniz (isteğiniz dahilinde, imzanızın görünmesini istemediğiniz iletilerde \"imzamı göster\" kontrol kutusunu boş hale getirerek imzanızın sadece o ileti için gösterilmemesini sağlayabilirsiniz). Sayfa başı » Nasıl anket oluştururum? Yeni bir konu açarken (ya da eğer yetkiniz varsa bir başlığın ilk iletisini değiştirirken) ana gönderim formunun altında \"Anket Oluşturma\" sekmesini görürsünüz (eğer görüyorsanız bu anket oluşturmak için gerekli olan yetkilere sahip olduğunuzu gösterir). Anket oluştururken, \"Anket sorusu\" olarak bir başlık girmelisiniz ve \"Anket seçeneği\" formuna en az bir adet seçenek girmelisiniz. Her seçeneğin farklı bir metin alanına yazıldığından emin olun. Aynı zamanda kullanıcıların oylama esnasında seçecekleri seçenek sayısını da “Kullanıcı başına düşen seçenekler” altında ayarlayabilir ve anket için bir süre belirleyebilirsiniz (0 ile işaretlediyseniz anket süresiz olarak uygulanır) ve son seçenek olarak eğer izin verilmişse üyeler oylarını değiştirebilirler. Sayfa başı » Neden daha fazla anket seçeneği oluşturamıyorum? Anket seçenek sayısı pano yönetici tarafından belirlenir. Eğer izin verilen sayıdan daha fazla anket seçeneği eklemeye ihtiyacınız varsa, pano yöneticisiyle irtibata geçebilirsiniz. Sayfa başı » Bir anketi nasıl düzenleyebilir ya da silebilirim? İletilerle beraber, anketler de iletiyi gönderen üye, yetkili ya da yönetici tarafından değiştirilebilir. Anketleri değiştirmek için başlıktaki ilk iletiyi değiştirin (genelde bu ileti anketle ilgilidir). Eğer hiç kimse oy kullanmamışsa üyeler anketi silebilir ya da değiştirebilir. Ancak, eğer oy kullanılmışsa sadece yetkili ve yöneticiler silebilir. Bu uygulamanın amacı, oylama sırasında farklı kimselerin seçenekleri değiştirerek oylamanın yönünü değiştirmesini engellemktir. Sayfa başı » Bazı forumlara neden erişemiyorum? Bazı forumlar belli kullanıcı ya da grupların kullanımıyla sınırlandırılabilir. Görmek, okumak, ileti göndermek vb. için yetilendirilmeniz gerekebilir. Sadece yetkililer ve yöneticiler bu yetkilendirmeyi yapabilir, bu durumda ilgililerden biriyle iletişime geçmeniz gerekmektedir. Sayfa başı » Neden eklenti yükleyemiyorum? Forum, grup ya da kullanıcı izinlerine bağlı olarak eklenti ekleyebilirsiniz. Pano yöneticisi bazı forumlara eklenti yüklemenize izin vermiş olabilir ya da sadece belli gruplar eklenti yükleyebiliyor olabilir. Eğer neden eklenti yükleyemediğinizden emin değilseniz mesaj panosu yöneticisiyle irtibata geçebilirsiniz. Sayfa başı » Neden bir uyarı aldım? Her pano yöneticisi siteleri için kendi kurallarını uygulama hakkına sahiptir. Eğer kurallardan birini ihlal ettiyseniz, bu yüzden uyarı almış olabilirsiniz. Unutmayın ki; bu site yöneticisinin kararıdır ve phpBB Grubunun bu konuda yapabileceği bir şey yoktur. Lütfen emin olmak için mesaj panosu yöneticisiyle irtibata geçin. Sayfa başı » İletileri yetkililere nasıl rapor ederim? Eğer pano yöneticisi izin vermişse, rapor etmek istediğiniz iletiye gidin ve iletiyi rapor etmeyle ilgili olan butonu tıklayın. Rapor etmek için gerekli olan işlemleri yapın. Sayfa başı » Konu gönderimindeki “Kaydet” butonu ne için? Bu size daha sonraki zamanlarda iletinizi tamamlamak ya da onaylamak için iletinizi saklama şansı tanır. Bu iletileri tekrar yüklemek için Kullanıcı Paneline gidin ve gerekli işlemleri tamamlayın. Sayfa başı » Neden iletimin onaylanması gerekiyor? Pano yöneticisi iletilerinizin öncelikle kontrol edilmesi gerektiğine karar verebilir. Yönetici sizi mesajları onaylanmadan önce gözden geçirilmesi gereken üyelerden oluşan bir gruba dahil etmiş olabilir. Bu durumda ayrıntılı bilgi almak için yöneticiyle irtibata geçmelisiniz. Sayfa başı » Konumu nasıl güncel tutabilirim? Görmekte olduğunuz ileti sayfasındaki \"Konuyu güncel tut\" bağlantısını kullanarak ilgili konunuzu forum içinde en üste getirebilirsiniz. Eğer bunu görmüyorsanız bu özellik iptal edilmiştir. Aynı zamanda, muhtemelen iletiye cevap yazarak da konunuzu forum içinde en üste getirebilirsiniz. Yine de, ziyaret ettiğiniz mesaj panosununun kurallarına bir göz atabilirsiniz. Sayfa başı Biçimlendirme ve Başlık Tipleri » Biçim kodu nedir? Biçim kodu (BBCode) özel bir HTML uygulamasıdır, yönetici tarafından belirlenen biçim kodu seçeneklerini kullanabilirsiiz (aynı zamanda iletilerinize göre bu seçeneği iptal edebilirsiniz). Biçim kodları HTML stillerine benzer, kodlar < ve > yerine köşeli parantez içine yazılır [ve] ve bazen uygulanmayabilir. Daha ayrıntılı bilgi için ileti penceresindeki biçim kodları rehberine bakabilirsiniz. Sayfa başı » HTML kullanabilir miyim? Hayır, bu panoda HTML kullanarak ileti göndermeniz mümkün değildir. HTML ile gerçekleştirebileceğiniz değişikliklerin bir çoğu biçim kodları kullanılarak yapılabilir. Sayfa başı » İfadeler nedir? İfadeler küçük resimlerdir ve kısa kodlar kullanarak bazı hislerinizi resmetmenizi sağlar, örneğin; :) mutlu olduğunuz, :( üzgün olduğunuz anlamına gelir. İfadeleri tam listesi ileti formunda gösterilmektedir. Aşırı ifade kullanımından kaçınmalısınız, bu okunabilirliği azaltır ve bu iletiler yetkilerce düzenlenebilir ya da silinebilir. Pano yöneticisi iletilerde kullanılabilecek ifade sayısında kısıtlamaya gidebilir. Sayfa başı » Resim gönderebilir miyim? Evet, iletilerinizde resim gösterebilirsiniz. Eğer yönetici eklenti yüklemenize izin veriyorsa, panoya da resim yükleyebilirisniz. Aksi takdirde, şifrelenmemiş bir alana yükleyeceğiniz resme http://www.example.com/my-picture.gif gibi bir bağlantı vermeniz gerekir. Bilgisayarınızdaki bir resmin linkini (bilgisayarınız kamuya açık bir sunucu değilse) ve hotmail, yahoo gibi bir şifrelenmiş alanda yüklü ise link veremezsiniz. Resimlerinizi göstermek için [img] biçim kodunu kullanabilirsiniz. Sayfa başı » Genel duyuru nedir? Genel duyurular önemli bilgileri barındırır ve mümkün olduğu kadar çabuk okumanız gerekir. Genel duyurular her forumun en üst kısmında ve Kullanıcı Kontrol Panelinde görüntülenir. Genel duyuru gönderip gönderememeniz gerekli olan izinlerin verilmiş olmasına bağlıdır, bu izinler yönetici tarafından ayarlanır. Sayfa başı » Duyuru nedir? Duyurular okumakta olduğunuz forum ile ilgili önemli bilgileri içerir ve mümkün olduğu kadar kısa zamanda okunmalıdır. Duyurular forumda gönderilen iletilerin üst kısmında gösterilir. Genel duyurularda olduğu gibi, duyuru gönderip gönderememeniz gerekli olan izinlerin verilmiş olmasına bağlıdır, bu izinler yönetici tarafından ayarlanır. Sayfa başı » Sabit konu nedir? Sabit başlıklar forumlarda duyuruların altında ve sadece ilk sayfada gösterilir. Genel olarak okumanız gereken önemli bilgileri barındırır. Genel duyurularda ve duyurularda olduğu gibi, sabit başlık gönderip gönderememeniz gerekli olan izinlerin verilmiş olmasına bağlıdır, bu izinler yönetici tarafından ayarlanır. Sayfa başı » Kilitli konu nedir? Kilitli konular, kullanıcıların artık ileti gönderemeyeceği ya da anketlerinde oy verme süresi dolan başlıklardır. Başlıklar pano yetkili ya da yöneticilerinin ayarlamalarıyla bir çok sebepten dolayı kilitlenmiş olabilir. Aynı zamanda eğer ilgili izinler yönetici tarafından verilmişse siz de kendi açtığınız başlıkları kilitleyebilirsiniz. Sayfa başı » Konu ikonu nedir? Konu ikonları iletilerin içeriğiyle ilgili resimlerdir. Başlık ikonu kullanıp kullanamamanız yöneticilerin vereceği izinlere bağladır. Sayfa başı Kullanıcı Seviyeleri ve Gruplar » Yönetici nedir? Yöneticiler panodaki en üst düzeyde kontrol hakkına sahip olan üyelerdir. Bu üyeler izinleri ayarlama, üyeleri uzaklaştırma, kullanıcı grupları ve yetkilileri oluşturma gibi bütün kontrollere hükmetme diğer pano yöneticilerinin ve pano kurucusunun izinlerine bağlı kalarak hareket etme hakkına sahiptir. Aynı zamanda yetkilerinin forumlarında sahip olduğu bütün düzenleme yeteneklerine de sahip olup, pano kurucusuna bağımlı olarak hareket ederler. Sayfa başı » Yetkili nedir? Yetkililer (yaygın adı ile moderatör) bireysel (ya da grup olarak) gün be gün yönetikleri forumları gözlemlemek görevini üstlenmiş olan kimselerdir. Yönettikleri forumlarda iletileri düzenleme, silme ya da kilitleme, kilitli iletiyi açma, taşıma ya da başlıkları bölme gücüne sahiptirler. Genellikle yetkililer kapalı başlıkları ve olumsuz materyal ihtiva eden iletileri engellemekle görevlendirilirler. Sayfa başı » Kullanıcı grubu nedir? Kullanıcı gruplarını pano yöneticileri oluştururlar. Her kullanıcı birden fazla gruba üye olabilir (bu durum panodan panoya değişiklik gösterebilir) ve her grubun kendine has giriş izinleri olabilir. Bu yöneticinin her forum için birden fazla yetkili atamasını kolaylaşıtır, ya da üyelerin özel forumlara girişlerine imkan sağlar. Sayfa başı » Kullanıcı grupları nerede ve bir gruba nasıl katılırım? Kullanıcı Kontrol Panelinizdeki “Kullanıcı Grupları” linkini tıklayarak kullanıcı gruplarını görebilirsiniz. Eğer bu gruplardan birine katılmak istiyorsanız, ilgili butonu tıklamanız yeterlidir. Bütün gruplar açık girişli değildir. Bazıları katılmanız için onay gerektirebilir ve bazıları tamamen gizli grup üyeliğine sahip olabilir. Eğer grup açık ise ilgili butonu tıklayarak gruba katılabilirsiniz. Eğer onay gerektiren bir gruba katılmak istiyorsanız yine ilgili butonu tıklayarak başvurabilirsiniz. Kullanıcı Grubu lider gruba neden katılmak istediğinizi sorma yetkisine sahiptir. Lütfen, talebinizin geri çevirilmesi durumunda grup liderine baskı yapmayın. Sayfa başı » Nasıl bir grup lideri olabilirim? Yönetici tarafından bir Kullanıcı Grubu oluşturulduğu zaman, aynı zamanda Grup Liderini de atamış olur Eğer bur kullanıcı grubu oluşturmak istiyorsanız ilk olarak yönetici ile irtibat kurmanız gerekir, bunun için yöneticiye bir özel mesaj gönderebilirisniz. Sayfa başı » Neden bazı gruplar farklı renkte görünüyor? Muhtemelen pano yöneticisi grup üyelerini daha kolay tanıyabilmek için üyelerine bir renk atamıştır Sayfa başı » “Varsayılan Kullanıcı Grubu” nedir? Eğer birden fazla kullanıcı grubuna üye iseniz, varsayılan grubunuz renk ve rütbe ile gösterilen gruptur. Pano yöneticisi Kullanıcı Paneli üzerinden varsayılan izinlerinizi değiştirebilir. Sayfa başı » “Yönetim ekibi” bağı nedir? Bu sayfa size pano görevlilerinin bir listesini sağlar, bu liste yöneticileri ve yetkileri hangi sayfalarda yetkili oldukları bilgisiyle birlikte gösterir. Sayfa başı Özel Mesajlaşma » Özel mesaj gönderemiyorum! Bunun üç sebebi vardır; kaydolmamış ve/veya çevirimiçi giriş yapmamışsınızdır, pano yöneticisi pano üzerinde özel mesaj gönderme iznini iptal etmiştir, ya da yönetici mesaj göndermenizi engellemiştir. Eğer son durum söz konusu ise sebebini öğrenmek için pano yöneticisiyle irtibata geçebilirsiniz. Sayfa başı » İstenmeyen özel mesajlar almaya devam ediyorum! Kontrol panelinizdeki mesaj kurallarını kullanarak bir üyenin size özel mesaj göndermesini engelleyebilirsiniz. Eğer üyelerden birinden hoş olmayan özel mesajlar alıyorsanız konuyu yöneticiye iletebilirsiniz, yöneticiler bir kullanıcının özel mesaj göndermesini tamamen engelleyebiliriler. Daha fazla bilgi için yönetici ile irtibata geçebilirsiniz. Sayfa başı » Bu pano üyelerinden birinden istenmeyen ya da olumsuz içerikli e-posta alıyorum! Bunu duyduğumuz için üzgünüz. Bu panonun e-posta formu bu şekilde posta göndermek isteyenleri engellemek ve vazgeçirmek için kişisel güvenlik özellikleri içermektedir. Pano yöneticisine aldığınız e-postanın tam bir kopyasını göndermelisiniz, başlık kısmının (bu kullanıcının gönderdiği e-postanın ayrıntılarının bir listesini verir) gönerilmesi çok önemlidir. Böylelikle pano yöneticisi harekete geçebilir. Sayfa başı Arkadaşlar ve Yasaklılar » Arkadaşlarım ve yasaklılar listesi nedir? Bu listeleri kullanarak panoya kayıtlı diğer kullanıcıları organize edebilirsiniz. Arkadaşlarım listesine eklediğiniz üyeler Kullanıcı Panelinizde kolay ulaşımınızı sağlamak için listenecektir, böylece listenizdekilerin çevirimiçi durumlarını görebilir ve özel mesaj gönderebilirsiniz. Tema desteğine göre bu üyelerin göndereceği iletiler farklı bir renkle gösterilecektir. Eğer bir kullanıcıyı yasaklananlar listenize eklerseniz, bu listedekilerin iletileri varsayılan ayar olarak gizlenecektir. Sayfa başı » Arkadaşlarım / yasaklılar listesine kullanıcıları nasıl eklerim? Pano kullanıcılarını iki yolla bu listelere eklersiniz. Üyenin profilinde bulunan “Arkadaş ekle” ya da “Yasaklı üye ekle” bağlantılarını kullanabilirsiniz. Buna alternatif olarak Kullanıcı Panelinizden, doğurdan üyelerin adlarını yazarak da ekleyebilirsiniz. Aynı zamanda aynı sayfayı kullanarak daha önce eklediğiniz bir kişiyi de listenizden çıkarabilirisniz. Sayfa başı Forumlarda Arama » Bir forumda veya forumlarda nasıl arama yaparım? Pano anasayfa, forum ya da başlık gösterim sayfasındaki arama kutusuna aramak istediğiniz terim ya da sözcükleri girerek arama yapabilirisniz. Ayrıca bütün sayfalarda mevcut olan gelişmiş arama bağlantısına tıklayarak da arama özelliğini kullanabilirsiniz. Nasıl arama yapacağınız kullanılan temaya bağlıdır. Sayfa başı » Neden “Sonuç bulunamadı” hatasını alıyorum? Aramak üzere girmiş olduğunuz sözcükler çok belirsiz ya da çok fazla kullanılan ve phpBB3 tarafından listelenemeyecek sözcükler olabilir. Daha özel bir girdi belirleyin ve gelişmiş arama sayfasındaki özellikleri kullanmayı deneyin. Sayfa başı » Neden arama sonucunda boş bir sayfaya dönüyorum!? Sunucuda barınan çok fazla sonuç olduğundan bu sonucu alıyorsunuz. Gelişmiş arama seçeneğini kullanın ve daha özel bir girdi ile ve forumlarda aramayı deneyin. Sayfa başı » Üyeler için nasıl ararım? “Üyeler” sayfasına girin ve “Üye bul” linkini tıklayın. Açıklama seçeneklerini doldurun. Sayfa başı » Kendi iletilerimi ve konularımı nasıl bulurum? Kendi iletilerinizi görmek için Kullanıcı Panelindeki ya da hesabınızdaki \"Kullanıcının iletilerini göster\" linkini tıklayabilirsiniz. Kendi açtığınız başlıkları görmek için Gelişmiş Arama sayfasındaki uygun seçenekleri kullanarak arama yapabilirsiniz. Sayfa başı Konu İzlemeleri ve Sık Kullanılanlar » Sık kullanılanlar ile konuya kaydolmak arasında nasıl bir fark vardır? phpBB3’deki Sık kullanılanlar, tarayıcınızın sık kullanılanlar özelliğine benzer. Bir güncelleme olması durumunda uyarılmazsınız. Ancak, daha sonra bu başlığa kolayca ulaşabilirsiniz. Başlığa kayıt olma ile arasında fark, kayıt olduğunuz başlıklarda güncelleme olması durumunda size haber veriliyor olmasıdır. Sayfa başı » Belli bir forum ya da başlığa kaydolmak için ne yapmalıyım? Belli bir foruma kaydolmak için öncelikle oturum açmalısınız, “Foruma abone ol” bağlantısını görürsünüz. Bu belli bir başlığa kaydolmada olduğu gibi sizi o foruma kaydeder. Bir başlığa kaydolmak için, ya başlığa cevap yazarsınız ve kontrol kutusunu işaretlersiniz ya da başlığın içindeki kaydolma linkini tıklarsınız. Sayfa başı » Aboneliklerimi nasıl silebilirim? Aboneliklerinizi silmek için, Kullanıcı Panelinize gidin ve abonelikler bağlantıtısını takip edin. Sayfa başı Eklentiler » Bu panoda hangi eklentilere izin verilmekte? Her pano yöneticisi bazı belirli eklenti türlerine izin verebilir ya da iznini kaldırabilir. Eğer hangilerinin yüklenebileceğinden emin değilseniz, yardım için yönetici ile iletişim kurun. Sayfa başı » Kendime ait tüm eklentileri nasıl bulabilirim? Eğer yüklediğiniz eklerin listesini bulmak istiyorsanız, Kullanıcı Panelinize girin ve eklenti sayfasına giden bağlantıları takip edin. Sayfa başı phpBB3 Konuları » Bu mesaj panosunu kim yazdı? Bu yazılım (değiştirilmemiş hali ile) phpBB Grubu tarafından yazılmış ve lisanslanmıştır. “ GNU Genel Kamu Lisansı” altında kullanıma sunulmuştur ve bu lisansın maddelerine uyarak yazılım üzerinde özgürce değişiklik yapabilirsiniz. Sayfa başı » Bu yazılımı kim Türkçe’ye tercüme etti? “phpBB3 Türkçe dil dosyası” bir “ Canver Software” iştirakı olan “ phpBB Türkiye” grubu tarafından tercüme edilmiş ve “ GPL - genel kamu lisansı” ile dağıtıma sunulmuştur. Tüm eser ve telif hakları “phpBB Türkiye” grubuna aittir. Detaylı bilgi ve “Kullanım & Bulundurma Koşulları” için “ Yükleme ve Kullanım Kılavuzu” ’na bakınız. Lütfen gözden kaçan hataları, önerilerinizi, yorumlarınızı “phpBB Türkiye” sitemiz “phpBB3 Türkçe Dil Paketi” bölümündeki Hata Raporları forumuna bildiriniz. Sayfa başı » Neden X özelliği yok? Bu yazılım phpBB Grubu tarafından yazılmış ve lisanslanmıştır. Eğer bir özelliğin eklenmesi gerektiğine inanıyorsanız, lütfen, phpbb.com web sitesini ziyaret edin ve phpBB grubunun ne söylediğini görün. Lütfen phpbb.com adresine özellik isteme ricası içeren iletiler göndermeyin, grup yeni özelliklerin taslaklarını SourceForge kullanarak tutmaktadır. Lütfen, forumları okuyun ve phpBB grubunun üzerinde çalıştığı bir özellik olup olmadığını görün ve sonra orada verilen prosedürü takip edin. Sayfa başı » Bu panodaki hatalı kullanım ve/veya yasal konularla ilgili olarak kimle iletişim kurmalıyım? \"Yönetim ekibi\" sayfasındaki herhangi bir yönetici şikayetlerinizi iletebileceğiniz uygun iletişim noktası olabilir. Eğer yine cevap alamazsanız site sahibi ile iletişime geçebilirsiniz. Eğer pano ücretsiz bir servis üzerinde çalışıyorsa (örneğin Yahoo!, free.fr, f2s.com, vb), yönetim ya da kötü kullanım servisiyle iletişim kurabilirsiniz. Unutmayın ki; phpBB Grubu herhangi bir yetkiye sahip değildir ve hiç bir şekilde nasıl, nerede ya da kim tarafından bu panonun kullanılacağı üzerinde sorumluluk kabul etmez. Yasal durumlarla ilgili olarak doğrudan phpBB.com sitesi ile ilgili olmadıkça phpBB Grubu ile iletişime geçmeyin. Eğer phpBB Grubu ile bu yazılımın herhangi bir 3. parti kullanımıyla ilgili olarak talepte bulunursanız kısa bir cevap alabilir ya da hiç bir cevap alamayabilirsiniz. Sayfa başı Pano anasayfası Tüm zamanlar UTC [ DST ] Git:  Forum seçiniz ------------------ AYPORT    Ayport Kurallari-Ayport Nutzungsbedingungen       Haftungsbeschränkung       Forum kurallari    Önemli Duyurular    HoşgeLdiniz Yeni Üyelerin kendilerini tanıttıkları bölüm KOLBASTI FM AYVALIK FM    Yönetim ve DJ Arkadaslar    Emegi Gecenler    Dj Kurallari    Radyo Dinle KONULAR    .:TARİH:.       Türk Tarihi       .:Atatürk Kösesi:.    .:EDEBİYAT:.       Genel       Köşe Yazıları       Flash Video       Şiirler       Hikayeler       Mevlana Köşesi    .:SAĞLIK:.       Genel       Şifalı Bitkiler    .:MİZAH:.       Fıkralar       Komik Yazılar       Komik Resimler    .:YEMEK PORTALI:.       Genel Bilgiler       Yöresel Yemekler       Çorbalar       Sebze Yemekleri       Et Yemekleri       Tavuk ve Hindi Yemekleri       Balık ve Deniz Ürünleri       Makarnalar, Mantılar,Pilavlar,Dolmalar       Salatalar       Börek ve Poğaçalar       Tatlılar       Mezeler    .:BAYANLARA ÖZEL.:       Sağlık       Güzellik       Moda       Dekorasyon    .:YURDUMUZU TANIYALIM:.       Kentler ve Tarihçesi       İl ve İlçeler    .:TURİZM:.       Gezelim Görelim    .:KÜLTÜR:.       Genel       Türk Dünyası    .:GENEL KÜLTÜR:.       Genel       Biyografiler    .:FELSEFE.:       Felsefe Nedir?       Felsefi Düşünce       Hikayeler    .:MÜZİK DÜNYASI:.       Müzik Türleri          Çoksesli Türk Müziği          Klasik Türk Müziği          Türk Halk Müziği          Pop, Rock ve Caz          Arabesk          Fantazi       Albüm Tanıtımları       Ses Sanatcilarimiz       Türkü Hikayeleri    .:SİNEMA KÖŞESİ:.       Yerli Filmler       Yabancı Filmler    .:PROGRAMLAR.:       Bakım/Onarım/ Programlar       Sistem Programları       Antivirus ve Güvenlik Programları    .:WEB TASARIM:.       Php-Asp Hazir Scriptler       Skins / Templates / Design       Hosting    .:SPOR:.       Futbol       Basketbol       Voleybol       Diğer Sporlar    .:Önerileriniz,your suggestions:.    .:OYUNLAR:. Türk Biker    Motorcular ....::EGLENCE KÖSESI::....    Bilgi Yarışması .:E-KURUM:. AKRABALARA ÖZEL FORUM  Ayport Portal Powered by phpBB © 2000, 2002, 2005, 2007 phpBB Group phpBB3 Türkçe: phpBB Türkiye ","title":"Ayport • Sık Sorulan Sorular","desc":"Ayport","details":{"length":31752,"language":"tr","date":"2014/10/31 16:18:37","type":"application/xhtml+xml","country":""},"crawling":{"duration":"1","date":"2014/10/31 16:18:37"},"metas":[{"name":"resource-type","value":"document"},{"name":"distribution","value":"global"},{"name":"copyright","value":"Ayvalik,Ayport,"},{"name":"keywords","value":"Ayport,Adana,Ayvalik,face,online,haber,sosyal,paylasim,müzik,mp3,indir,oyun,"},{"name":"description","value":"Ayport"}],"uri":{"protocol":"http","domain":"de.ayport.","url":"http://ayport.de/forum/faq.php?sid=59da0dd1e0ceb26c51ea8fc267882c26"}}},{"_index":"de_content_201410","_type":"resourceQ","_id":"http://outspoken.de/profile.php?profile_id=4860","_score":1.0, "_source" : {"body":" Magazine Onlineshop Aktuelle Ausgabe Ausgabe 12 Interviews: Grim Goat, ShowYourTeeth, Red Apollo, Lavatch, Celeste, Wolves Reign, Isolated, But We Try It, Denison Witmer, Less To Forget, Jungbluth, Blank News Aktuellste News The Botanist veröffentlichen neuen Reviews Neuestes Review Sometimes Go - How to Destroy this Interviews Neuestes Interview MADBALL - Willkommen zurück Shows Filme Neueste Filmkritik Rush Rezepte Neuestes Rezept Avocado-shake Artikel erstellen Community (25532) Wer ist online? Blogs User (25532) Usersuche Photos Tattoos Playlists Wall Forum Fest Shop Kontakt Team Bilderregeln Mediadaten Impressum Datenschutz AGB Partner von USERNAME PASSWORT Neuen Account anlegen 113 LEUTE JETZT ONLINE! http://outspoken.de/Sinderella Zuletzt aktiv am 30.12.08 - 14:56   Photos (3)   Gästebuch (8)   [ Anstupsen ] [ Mail schreiben ] [ Buddyrequest ] [ Heimlich liken ] [ Nachrichten anzeigen ] [ User ignorieren ] Sinderella W28 aus , Deutschland ist Single und sucht Leute - bevorzugt: Männer zum abhängen , daten , rausgehen Angemeldet seit: 14.08.06 Aktuelle Stimmung: geil auf party machen! Grösse: 175cm Haarfarbe: braun Beruf/Ausbildung/Studiengang: Studentin   Über mich nothing you want me to be...everything I want to be Faszinierend In den Wahnsinn treibend Meistens böse, ohne es böse zu meinen Manchmal lieb Hasse, was alle lieben Liebe, was alle hassen Untherapierbar Unkaputtbar Definitiv rockbar Nachdenklich Die Kleinigkeiten des Lebens zelebrierend Popcornaddicted Direkt Seltsamer Humor, der schwarze ist der beste Kaffeesüchtig Komplett verwirrt und verwirrend Hier treibe ich mich rum: Steinbruch/DA Schlachthof/Wiesbaden Schlosskeller/DA Krone/DA ... in meinem bett und ab und an vielleicht sogar an der uni Lifestyle Rauchen: ja Alkohol: ja SXE: nein Vegetarier: ja Vegan: nein Tattoos noch nicht... Piercings ehemals warns 7 jetzt nur noch 6 Augenbraue Lippe Brustwarze Nacken 2 Dermals am Bauch Favoriten Lieblingsbands Bleeding Through, Chimaira, every time i die, Hatebreed, Killswitch Engage, Machine Head, Trivium, Lieblingsbücher boah viel zu viele... Faust Demian Verückt sind immer nur die andern Lieblingsfilme ebenfalls viel zu viele , , , Sin City Der blutige Pfad Gottes Das weisse Rauschen Memento Donnie Darko What Dreams may come , Lieblingsserien Simpsons Futurama Miami Ink The 4400 Scrubs , Buddies (Alle Buddies anzeigen) oldschool (offline) resurrect (offline) hardcore_ (offline) meurer (offline) IMPRESSUM - MEDIADATEN - AGB - DATENSCHUTZ ","title":"Sinderella's Profil - outspoken.de","desc":"Sinderella's Profil - outspoken.de","details":{"length":2498,"language":"de","date":"2014/10/31 16:18:33","type":"text/html","country":""},"crawling":{"duration":"1","date":"2014/10/31 16:18:33"},"metas":[{"name":"viewport","value":"width=device-width, initial-scale=1.0"},{"name":"page-topic","value":"Music"},{"name":"author","value":"Henning Jaeger"},{"name":"generator","value":"Brain, Fingers, Keyboard, Mouse, Iphone, MacBook"},{"name":"description","value":"Sinderella's Profil - outspoken.de"},{"name":"keywords","value":"hardcore hc psychobilly metalcore metal punk vegan vegetarian skateboard piercing tattoo bmx sneakers gitarre schlagzeug"}],"uri":{"protocol":"http","domain":"de.outspoken.","url":"http://outspoken.de/profile.php?profile_id=4860"}}},{"_index":"de_content_201410","_type":"resourceQ","_id":"http://fussball-studio.de/base/de/austragungsort/karabuek-dr-necmettin-seyhoglu-stadi/v1610/c1856","_score":1.0, "_source" : {"body":"      Dr. Necmettin Şeyhoğlu Stadı - Karabük - Türkei    Steckbrief   Termine   Vereine   Wetter      Dr. Necmettin Şeyhoğlu Stadı   Karabük     Türkei  Zuschauer: 7.593   Deutsch     English     Anmelden     Neuigkeiten   Vorschau   Ergebnisse   Wettbewerbe   Kalender   Stadien       Türkei 2013/14 Turkcell Süper Lig    Deutschland    International    Europa    Afrika  Asien  Nordamerika  Ozeanien  Südamerika    Junioren    Frauen    Freizeit    EM  EM Qualifikation    Champions League  Europa League    Uefa Landesmeister  Uefa Pokalsieger  Uefa Pokal  Uefa Intertoto Cup  Uefa Supercup    Royal League    Europeada    Albanien  Andorra  Armenien  Aserbaidschan  Belgien  Bosnien-Herzegowina  Bulgarien  Dänemark  England  Estland  Färöer  Finnland  Frankreich  Georgien  Gibraltar  Griechenland  Irland  Island  Israel  Italien  Kasachstan  Kroatien  Lettland  Litauen  Luxemburg  Malta  Mazedonien  Moldawien  Montenegro  Niederlande  Nordirland  Norwegen  Österreich  Polen  Portugal  Rumänien  Russland  San Marino  Schottland  Schweden  Schweiz  Serbien  Slowakei  Slowenien  Spanien  Tschechien  Türkei  Ukraine  Ungarn  Wales  Weissrussland  Zypern    Turkcell Süper Lig    2014/15  2013/14  2012/13  2011/12  2010/11  2009/10  2008/09  2007/08  2006/07    Auswahl Wettbewerbe    Spiele / Tabelle    Prognose    Mannschaften    Spieler    Austragungsorte    Karte    Spielplan    Übersicht    Kontakt   Impressum     ","title":"Dr. Necmettin Şeyhoğlu Stadı - Steckbrief - Stadion / Austragungsort - Karabük - Türkei - Weltstudio","desc":"Dr. Necmettin Şeyhoğlu Stadı; Karabük; Türkei; Ansicht: Stadion / Austragungsort - Steckbrief","details":{"length":1431,"language":"de","date":"2014/10/31 16:18:33","type":"application/xhtml+xml","country":""},"crawling":{"duration":"1","date":"2014/10/31 16:18:33"},"metas":[{"name":"description","value":"Dr. Necmettin Şeyhoğlu Stadı; Karabük; Türkei; Ansicht: Stadion / Austragungsort - Steckbrief"},{"name":"keywords","value":"Dr. Necmettin Şeyhoğlu Stadı, Karabük, Türkei, Stadion, Austragungsort, Steckbrief"},{"name":"copyright","value":"2006-2014 BlueBasis"},{"name":"author","value":"Stefan Keichel, BlueBasis"},{"name":"publisher","value":"BlueBasis"},{"name":"robots","value":"noodp,noydir,index,follow"},{"name":"audience","value":"all"},{"name":"content-language","value":"de"},{"name":"generator","value":"sedna"},{"name":"viewport","value":"width=device-width, initial-scale=1.0, maximum-scale=1.0, minimum-scale:0.1 "},{"name":"og:url","value":"http://www.fussball-studio.de/base/de/austragungsort/dr-necmettin-seyhoglu-stadi-karabuek-tuerkei/steckbrief/v1610"},{"name":"og:type","value":"sport"},{"name":"og:title","value":"Dr. Necmettin Şeyhoğlu Stadı - Steckbrief - Stadion / Austragungsort - Karabük - Türkei - Weltstudio"},{"name":"og:description","value":"Dr. Necmettin Şeyhoğlu Stadı; Karabük; Türkei; Ansicht: Stadion / Austragungsort - Steckbrief"},{"name":"og:image","value":"http://img.fussball-studio.de/common/logo_fs_facebook.png"},{"name":"og:site_name","value":"http://www.fussball-studio.de"},{"name":"fb:app_id","value":"382559411778868"},{"name":"fb:admins","value":"100001088762321"}],"uri":{"protocol":"http","domain":"de.fussball-studio.","url":"http://fussball-studio.de/base/de/austragungsort/karabuek-dr-necmettin-seyhoglu-stadi/v1610/c1856"}}},{"_index":"de_content_201410","_type":"resourceQ","_id":"http://tagespflege-norderstedt.de/cgi-bin/adframe/tagesmutter/index.html?id=14036669353716722093930","_score":1.0, "_source" : {"body":" KONTAKT |  HILFE |  IMPRESSUM Tagesmutter oder Tagesvater werden » Das Wertvollste, was du einem Mitmenschen schenken kannst, ist deine Zeit, in welcher du mit deiner ganzen Aufmerksamkeit für ihn da bist. « (J. Strebel) Die Arbeit als selbständige Tagespflegeperson bietet Ihnen ein ebenso verantwortungsvolles wie erfüllendes Arbeitsumfeld. Sie betreuen und begleiten Kinder entweder einzeln oder in kleinen Gruppen in einem familiären Umfeld mit individueller Zuwendung. Und die Arbeit als Tagespflegeperson bietet viele Vorteile, so entscheiden Sie beispielsweise selbst über Arbeitszeit und -umfang. Neben der selbstverständlichen Grundvoraussetzung, dass Sie den Wunsch und Freude daran haben, sich mit Kindern zu beschäftigen, erwarten wir von Ihnen, dass Sie sich die Grundqualifizierung zur Tagespflegeperson aneignen und sich immer wieder Anregungen für Ihre Arbeit holen. Das bedeutet die Bereitschaft zur Teilnahme an Weiterbildungsveranstaltungen über die Grundqualifizierung hinaus. Hier finden Sie weitere Informationen zu ihrem Arbeitsfeld, den Voraussetzungen und unserem Fortbildungsangebot. Kommen Sie gerne zu einem unverbindlichen Gespräch zu uns, wir freuen uns auf ihren Besuch. AKTUELLES Qualifizierung zur Tagespflegeperson ... weiter Tagespflegetreff ... weiter Erste Hilfe Kurs ... weiter © Tagespflege Norderstedt e.V., Kirchenplatz 1, 22844 Norderstedt Kinderbetreuung  |   Tagesmutter/-vater werden  |   Unser Verein  |   Kontakt  |   Impressum nach oben  ","title":"Tagespflege Norderstedt e.V. - Wir vermitteln Tagesmütter und -väter in Norderstedt, in Henstedt-Ulzburg und in Ellerau","desc":"Liebevolle Kinderbetreung am Tag, Der Verein Tagespflege Norderstedt vermittelt professionelle Tagespflege im Raum Norderstedt, in Henstedt-Ulzburg und in Ellerau und bildet Tagesmütter und - Väter aus","details":{"length":1487,"language":"de","date":"2014/10/31 16:18:34","type":"text/html","country":""},"crawling":{"duration":"1","date":"2014/10/31 16:18:34"},"metas":[{"name":"description","value":"Liebevolle Kinderbetreung am Tag, Der Verein Tagespflege Norderstedt vermittelt professionelle Tagespflege im Raum Norderstedt, in Henstedt-Ulzburg und in Ellerau und bildet Tagesmütter und - Väter aus"},{"name":"keywords","value":"Tagesmutter,Norderstedt,Tagespflege,Ellerau,Henstedt-Ulzburg,Tagesmütter,Tagesmuttervermittlung,Kinderbetreuung"},{"name":"page-topic","value":"Kinderbetreuung,Familien"},{"name":"author","value":"Tagespflege Norderstedt e.V."},{"name":"publisher","value":"Tagespflege Norderstedt e.V."},{"name":"copyright","value":"Tagespflege Norderstedt e.V."},{"name":"siteinfo","value":"http://www.tagespflege-norderstedt.de/robots.txt"}],"uri":{"protocol":"http","domain":"de.tagespflege-norderstedt.","url":"http://tagespflege-norderstedt.de/cgi-bin/adframe/tagesmutter/index.html?id=14036669353716722093930"}}},{"_index":"de_content_201410","_type":"resourceQ","_id":"http://serienportal.de/sympathy/report.php?postid=1289744&sid=e7410399626f7ef246cb10b164c5696e","_score":1.0, "_source" : {"body":" INFORMATIONEN STORYLINE HIERARCHIE DER RASSEN KEEPER OF THE EQUILIBRIUM CAMBION HALBGÖTTER GEISTER HEXEN SPECIAL CHILDREN DÄMONEN ENGEL NEPHILIM REGELN ALLGEMEINE REGELN SCHREIBREGELN RATINGREGELN GRAFIKREGELN INAKTIVITÄT SUPPORT FRAGEN&ANTWORTEN LOB&KRITIK AUFRÄUMSERVICE POSTPARTNERSUCHE LISTEN VERGEBENE AVATARPERSONEN RESERVIERUNGEN [UN]WANTED AUFNAHMESTOPP STATISTIK WER SPIELT WEN? WOHNORTSLISTE BESONDERE FÄHIGKEITEN NAMENSLISTE REGISTRIEREN MITGLIEDER TEAM SUCHE PROFIL ACP HELLO, CRUEL WORLD KLICK MICH, UM AN WEITERE INFORMATIONEN ZU GELANGEN! DAS TEAM INGAMEGESCHEHEN OKTOBER/NOVEMBER 2010 Es ist OKTOBER/NOVEMBER 2010. Das Wetter tobt immer noch. Unberechenbare Stürme ziehen durch das Land, Gewitter machen den Menschen das Leben schwer und Sturmböen entwurzeln nicht selten kräftige Bäume. Ab und an lässt sich auch die Sonne blicken, doch Hagelstürme sind wahrscheinlicher. Es ist deutlich kälter als gewöhnlich. PLOTLINE WE ARE AT WARDER APOKALYPTISCHE REITER WAR TREIBT SEIN UNWESEN IN GLEN ELDER UND BRINGT DIE MENSCHEN DAZU, SICH VOR ANGST GEGENSEITIG ABZUSCHLACHTEN. ES KÖNNTE JEDER SEIN!IN DEN REIHEN DER KEEPER BEFINDET SICH EIN MÖRDER - WIE SONST KANN MAN DIE LEICHE IM WAFFENRAUM ERKLÄREN? WER WAR ES UND WELCHE KONSEQUENZEN WIRD DAS GANZE NACH SICH ZIEHEN? Ihnen wird der Zutritt zu dieser Seite verwehrt. Aus einem der folgenden Gründe fehlt Ihnen die Berechtigung, diese Seite zu betreten: Sie sind im Forum nicht angemeldet. Einige Bereiche und Funktionen im Forum sind nur für angemeldete Benutzer zugänglich. Bitte nutzen Sie die Eingabemöglichkeit auf dieser Seite, um sich anzumelden. Falls Sie nicht registriert sind, können Sie dies hier tun. Ihr Benutzeraccount könnte gesperrt worden sein. Melden Sie sich gegebenenfalls ab und kontaktieren den zuständigen Administrator. Es gibt Bereiche im Forum, die bestimmten Benutzer vorbehalten sind. Sie haben Möglicherweise versucht einen solchen Bereich zu betreten. Benutzername: Registrierung Passwort: Passwort vergessen Powered by Burning Board Lite 1.0.2 © 2001-2004 WoltLab GmbH | Impressum Hacks wurden eingebaut von Isa / einseinself.net Besucher gesamt : 85312 «» Besucher heute : 14 «» Besucher gestern : 66 ","title":"# SYMPATHY FOR THE DEVIL - Ihnen wird der Zutritt zu dieser Seite verwehrt.","desc":null,"details":{"length":2198,"language":"de","date":"2014/10/31 16:18:37","type":"text/html","country":""},"crawling":{"duration":"1","date":"2014/10/31 16:18:37"},"metas":[],"uri":{"protocol":"http","domain":"de.serienportal.","url":"http://serienportal.de/sympathy/report.php?postid=1289744&sid=e7410399626f7ef246cb10b164c5696e"}}},{"_index":"de_content_201410","_type":"resourceQ","_id":"http://internetbaron.de/d/hotel-friedrichsdorf.html","_score":1.0, "_source" : {"body":" Startseite Stadtportal Webmaster Webkatalog Sie sind hier: Deutschland -> Hessen -> Hochtaunuskreis -> Friedrichsdorf -> Hotels Friedrichsdorf    Stadtportal Deutschland    Deutschland - Infos    Stadtsuche    Gewinnspiel Web  intern Bookmark: Hotels in Friedrichsdorf Ihr Unternehmen kostenlos eintragen? Arkadia Hotel   Am Houiller Platz 2 61381 Friedrichsdorf   mehr Informationen zum Hotel Hotel Jaipur   Hugenottenstraße 121 61381 Friedrichsdorf   mehr Informationen zum Hotel Lindenhof Landgasthof Hotel   Hugenottenstraße 47 - 49 61381 Friedrichsdorf   mehr Informationen zum Hotel Mercure Hotel Bad Homburg / Friedrichsdorf   Im Dammwald 1 61381 Friedrichsdorf   mehr Informationen zum Hotel Mercure Hotel Friedrichsdorf   Im Dammwald 1 61381 Friedrichsdorf   mehr Informationen zum Hotel Weitere Hotels finden Sie in Rodheim vor der Höhe, Rosbach vor der Höhe, Ober-Rosbach, Nieder-Rosbach, Bad Homburg vor der Höhe, Wehrheim, Wöllstadt, Oberursel, Karben Das InternetBaron Unternehmensverzeichnis steht noch am Anfang und ist kein komplettes Branchenbuch. Ein Branchenbuch erklärt für sich eine Vollständigkeit, die wir nicht gewährleisten können. Wohin möchten Sie reisen? Anreise: (TT.MM.JJJJ) Abreise: (TT.MM.JJJJ) Adressgenaue Umkreissuche Top Kurzreisen Backlinkcheck | Impressum | Gebrauchtstapler | Oswald Store | Palettenregale Diese Seite wurde in 0.16 s geladen ","title":"Hotels in Friedrichsdorf - Hochtaunuskreis - Hessen bei InternetBaron.de","desc":"Hotels, Friedrichsdorf, Hochtaunuskreis, Hessen","details":{"length":1383,"language":"de","date":"2014/10/31 16:18:36","type":"text/html","country":""},"crawling":{"duration":"1","date":"2014/10/31 16:18:36"},"metas":[{"name":"language","value":"de"},{"name":"keywords","value":""},{"name":"robots","value":"INDEX,FOLLOW"},{"name":"Description","value":"Hotels, Friedrichsdorf, Hochtaunuskreis, Hessen"}],"uri":{"protocol":"http","domain":"de.internetbaron.","url":"http://internetbaron.de/d/hotel-friedrichsdorf.html"}}},{"_index":"de_content_201410","_type":"resourceQ","_id":"http://entwickler-ecke.de/viewforum.php?f=107&sid=2156d3c6926c37c005be2cf16a4dc4ed","_score":1.0, "_source" : {"body":" ▼ Forum: Delphi, C#, WebDev Delphi-Forum C#-Forum WebDev-Forum Delphi-Library C#-Library zurück zum Standard Standard ändern Mitgliederliste Gruppen Das Team Richtlinien Synonyme Beschreibungssprachen in Web-Entwicklung Neues Thema Antworten / Hits Themen   Letzter Beitrag  4 /  6398 [CSS] Div Problem von  traceurmicha 9 Monate von  Yogu 6 /  3916 [HTML5] Text bricht je nach Zoomstufe unterschiedlich um  von  Yogu 10 Monate von  Yogu 4 /  2649 [HTML5, Chrome, FF] Korrekte Höhenangabe für <menu>-Element  von  FinnO 1 Jahr von  FinnO 2 /  4515 [CSS, IE, FF, Chrome] Optimiertes Drucklayout Seitenumbruch von  thepaine91 1 Jahr von  thepaine91 4 /  10692 [HTML] Submit-Button funktioniert nicht von  Dude566 1 Jahr von  rizla 6 /  3029 [HTML] Höhe von zwei Bereichen auf zwei PHP-Seiten angleichen  von  Webo 3 Jahre von  Dude566 0 /  3389 [CSS] Subelement größer als Elternelement? von  Heiko 4 Jahre von  Heiko 6 /  6115 IE8 - vernünftiger DOMInspector  von  Heiko 4 Jahre von  Heiko 5 /  6430 Html: Nicht rechteckige Menüeinträge  von  jakobwenzel 4 Jahre von  BenBE 7 /  5950 XHTML Strict - target von  Heiko 6 Jahre von  Heiko Siehe Beiträge der letzten:  Alle Themen anzeigen 1 Tag 7 Tage 2 Wochen 1 Monat 3 Monate 6 Monate 1 Jahr  Neues Thema zurück zu: Entwickler-Ecke » Web-Entwicklung Entwickler-Ecke.de rev.edd9cdebdd4b based on phpBB Alle Rechte vorbehalten. Alle Beiträge stammen von dritten Personen und dürfen geltendes Recht nicht verletzen. Entwickler-Ecke und die zugehörigen Webseiten distanzieren sich ausdrücklich von Fremdinhalten jeglicher Art! Impressum | Kontakt zum Team   ","title":"Beschreibungssprachen - Entwickler-Ecke","desc":null,"details":{"length":1603,"language":"de","date":"2014/10/31 16:18:33","type":"application/xhtml+xml","country":""},"crawling":{"duration":"1","date":"2014/10/31 16:18:33"},"metas":[{"name":"DC.creator","value":"Christian Stelzmann"},{"name":"DC.date.created","value":"2004-11-05"},{"name":"DC.description","value":""},{"name":"DC.format","value":"text/html"},{"name":"DC.language","value":"de"},{"name":"DC.publisher","value":"Christian Stelzmann"},{"name":"DC.rights","value":"Copyright 2002 - 2011 by Tino Teuber, Copyright 2011 - 2014 by Christian Stelzmann"},{"name":"DC.subject","value":""},{"name":"DC.title","value":"Entwickler-Ecke"},{"name":"DC.type","value":"Text"},{"name":"abstract","value":"Deine freundliche Community"},{"name":"audience","value":"all"},{"name":"author","value":"Christian Stelzmann"},{"name":"copyright","value":"Copyright 2002 - 2011 by Tino Teuber, Copyright 2011 - 2014 by Christian Stelzmann"},{"name":"description","value":""},{"name":"keywords","value":"delphi, forum, c#, csharp, c-sharp, net, dot net, .net, wpf, silverlight, wcf, wf, delphi prism, oxygene, board, faq, tutorial, programming, tutorials, borland, codegear, embarcadero, bulletin board, forum, discussion, questions, answers, experts, pros, windows, linux, api, debugger, error, solutions, sql, datenbanken, multimedia, directx, algorithms, search, sort, trees, lists, procedure, function, vcl, component"},{"name":"page-type","value":"faq"},{"name":"publisher","value":"Christian Stelzmann"},{"name":"revisit-after","value":"2 days"},{"name":"robots","value":"index,follow"},{"name":"verify-v1","value":"4JiF55WSOe0b71XGJwkseHqdvmW/ook6cIMT/JYF5AQ="}],"uri":{"protocol":"http","domain":"de.entwickler-ecke.","url":"http://entwickler-ecke.de/viewforum.php?f=107&sid=2156d3c6926c37c005be2cf16a4dc4ed"}}},{"_index":"de_content_201410","_type":"resourceQ","_id":"http://seitensprung-city.de/iprofil-giessen_178935.html","_score":1.0, "_source" : {"body":" Seitensprung-City stine suche nach Seitensprung in Berlin Nachricht schreiben stine wurde auf Deine Favoritenliste eingetragen :-) ... schließen ... Eintrag in die Favoliste ist eine Premiumfunktion :-) ... schließen ... auf meine Favoritenliste stine gestupst :-) ... schließen ... Anstupsen ist eine Premiumfunktion :-) ... schließen ... anstupsen zurück zur Suche stine 34 Jahre möchte Fremdgehen in Berlin Was ok ist und was nicht Poppen Seitensprung Berlin Reizwäsche Outdoor Parkplätze Swingerclubs Sauna Sexkontake Berlin Fremdgehen Berlin Berlin Fremdgehen Berlin | PLZ: 12687 Ich bin wieder online: stine hat keinen Eintrag gemacht Mehr über mich Figur | Größe: mollig 167 cm Sternzeichen: Fische Haare: rotbraun lang Augenfarbe: blau Raucher: nein Ausbildung Job: Kinder: ich habe keine Kinder Wen ich suche Ich suche beides zw. 28 und 39 Jahren Seitensprung und Sexkontakte in Berlin Figur | Größe: Raucher: Mobilität: Er/Sie ist: Ich suche ... ein erotisches Abenteuer / Seitensprung Was Dich ausmacht Seitensprung Berlin Reisepartnersuche stine hat die Reisepartner-Suche nicht aktiviert. Einfach für Seitensprung in Berlin anmelden ... und Fremdgehen los :-) zurück zur Suche Anmelden Impressum ","title":"stine sucht Seitensprung aus Berlin","desc":"stine sucht Seitensprung aus Berlin","details":{"length":1210,"language":"de","date":"2014/10/31 16:18:34","type":"text/html","country":""},"crawling":{"duration":"1","date":"2014/10/31 16:18:34"},"metas":[{"name":"description","value":"stine sucht Seitensprung aus Berlin"},{"name":"keywords","value":"seitensprung Berlin,fremdgehen Berlin,sexkontakte Berlin,poppen,flirten"}],"uri":{"protocol":"http","domain":"de.seitensprung-city.","url":"http://seitensprung-city.de/iprofil-giessen_178935.html"}}},{"_index":"de_content_201410","_type":"resourceQ","_id":"http://bergsportshop24.de/schlingen-und-lanyard-4250941/?available=1&brand=tendon&price-range=20-50&sorting=name_asc","_score":1.0, "_source" : {"body":" Suchen in diesem Shop Suchen in diesem Shop Suchen auf Rakuten.de Suchbegriffe Kategorien Anmelden oder Registrieren Merkliste 0 Shopping Cart 0 Bergsportshop24 Startseite Newsletter Reduziert Blog HOME Mehr Markenshops DMM Doldy ELLA HENK MANUfaktur ISC Kask Montane Schlafsäcke Rucksäcke / Packs Damen Shell Handschuhe / Gloves Damen Winddicht / Windproof Damen Hosen Mützen / Cap Damen Erste Schicht Lanex Yachting Ropes Liod Outdoor Bekleidung Expeditionsausrüstung Alpine Ausrüstung / Bergsport Trekking / Active / Leisure Daunenjacken / Primaloft-Jacken Westen Outdoorhosen Daunen- und Primalofthosen Hardshells / Regenhosen Softshellhosen Funktionsjacken Funktionsunterwäsche Bergsport & Kletterausrüstung Kletterseile Klassische Kletterseile Statikseile Wurfleinen Lowering Rope Canyonseile Dyneemaseile Vectranseile nach Durchmesser Kletterschuhe Klettergurte Brustgurte Kindergurte Klettergurte Kletterhelme Karabiner HMS Karabiner Klettersteig Karabiner Haken und Ketten Sicherungsgeräte Express-Sets Arbeitssicherheit PSA Absturzsicherung Anschlagpunkt Sicherungsgurte Bekleidung Schutzhelme Karabiner Messer Positionierung Rescue & Intervention Anschlagpunkte Gurte Karabiner Schlingen & Lanyard Sicherungsgeräte Statikseile Rettungsgeräte Rettungsbahren Arboristen / Baumpflege / Timber Bekleidung / Zubehör Seile / Gurte / Schlingen Hardware / Sicherungen Damen Jacken Hosen Funktionswäsche / Zubehör Rock / Winterrock Kinder / Junior Schnee & Eis Höhle & Canyoning Yachting / Segelsport / Marine Seile Schot- und Fallseile Cruising line Racing line Sport line Liegeplatz- und Ankerseile Geocaching Sale / Schnäppchen-Ecke / Abverkauf Outdoor Schlafsäcke Rucksäcke Notfallausrüstung Kategorien Markenshops DMM Doldy ELLA HENK MANUfaktur ISC Kask Montane Lanex Yachting Ropes Liod Rock Helmets Tendon Triop Tilak Fixpoints Outdoor Bekleidung Expeditionsausrüstung Alpine Ausrüstung / Bergsport Trekking / Active / Leisure Daunenjacken / Primaloft-Jacken Westen Outdoorhosen Funktionsjacken Funktionsunterwäsche Gamaschen Mützen Handschuhe Pullover Funktionssocken Textilpflege TOKO Eco Bergsport & Kletterausrüstung Kletterseile Kletterschuhe Klettergurte Kletterhelme Karabiner Haken und Ketten Sicherungsgeräte Express-Sets Schlingen Klemmkeile / Link Cams (Friends) / Klemmgeräte Steelware Stahl Klettersteigsets Eisgeräte Komplett-Sets Weiteres Kletterzubehör Rucksäcke Chalk / Bags / Matten Biwaksäcke Schlafsäcke Slackline Arbeitssicherheit PSA Absturzsicherung Anschlagpunkt Sicherungsgurte Bekleidung Schutzhelme Karabiner Messer Positionierung Rettung Rollen & Klemmen Seile Schlingen & Lanyard Seilklemmen Sicherungsgeräte Sicherheitshaken Ketten Taschen & Bags Zubehör Rescue & Intervention Anschlagpunkte Gurte Karabiner Schlingen & Lanyard Sicherungsgeräte Statikseile Rettungsgeräte Rettungsbahren Arboristen / Baumpflege / Timber Bekleidung / Zubehör Seile / Gurte / Schlingen Hardware / Sicherungen Damen Jacken Hosen Funktionswäsche / Zubehör Rock / Winterrock Kinder / Junior Schnee & Eis Höhle & Canyoning Yachting / Segelsport / Marine Seile Schot- und Fallseile Liegeplatz- und Ankerseile Geocaching Sale / Schnäppchen-Ecke / Abverkauf Outdoor Schlafsäcke Rucksäcke Notfallausrüstung Follow Us! Liken Sie uns auf Facebook Unser Newsletter Profitieren Sie von aktuellen Angeboten, Aktionen und Gutscheinen! Unser Newsletter X Leider konnten wir Sie nicht erfolgreich registieren. Bitte versuchen Sie es später noch einmal. Oops! Nicht alle Eingaben waren korrekt. Versuchen Sie es noch einmal! Vielen Dank! Sie haben sich erfolgreich für unseren Newsletter registriert. Frau Herr Oops! Sie haben keinen Vornamen eingegeben. Versuchen Sie es noch einmal! Oops! Sie haben keinen Nachnamen eingegeben. Versuchen Sie es noch einmal! Oops! Sie haben eine ungültige E-Mail Adresse eingegeben. Versuchen Sie es noch einmal! Anmelden Startseite Arbeitssicherheit PSA Arbeitssicherheit PSA Absturzsicherung Anschlagpunkt Sicherungsgurte Bekleidung Schutzhelme Karabiner Messer Positionierung Rettung Rollen & Klemmen Seile Schlingen & Lanyard Seilklemmen Sicherungsgeräte Sicherheitshaken Ketten Taschen & Bags Zubehör Schlingen & Lanyard Preis: 20-50 Sortierung: Name: A-Z Sofort lieferbar Hersteller: Tendon Schlingen & Lanyard A-Z Standard Bewertungen Preis: niedrigster zuerst Preis: höchster zuerst Name: A-Z Name: Z-A 20 € – 50 € Alle 10 € – 20 € 20 € – 50 € Tendon Alle Marken Singing Rock Tendon Filter (1) Sofort-Lieferbar (1) Tendon Anchor Lanyard I ab 29,00 € Sofort lieferbar Mehrere Varianten Schlingen und Lanyard zum Klettern Schlingen sind ein unerlässliches und nützliches Zubehör beim Klettern. Auch für Höhenarbeiten und die Sicherheit beim Arbeiten am Berg oder in großer Höhe sind Schlingen und Lanyards wichtig. Wählen Sie hier die passenden Artikel! Über uns Zahlungsmöglichkeiten Unser Blog Newsletter abonnieren Kontakt Partner Bezahlung Willkommen Das Team von Bergsportshop24 freut sich immer auf deine Fragen oder Feedback! Service und Beratung +49 (0)36842 - 52139 Mo-Fr 10.00 Uhr - 18.00 Uhr Informiert bleiben Unser Newsletter Profitieren Sie von aktuellen Angeboten, Aktionen und Gutscheinen! Unser Newsletter X Leider konnten wir Sie nicht erfolgreich registieren. Bitte versuchen Sie es später noch einmal. Oops! Nicht alle Eingaben waren korrekt. Versuchen Sie es noch einmal! Vielen Dank! Sie haben sich erfolgreich für unseren Newsletter registriert. Frau Herr Oops! Sie haben keinen Vornamen eingegeben. Versuchen Sie es noch einmal! Oops! Sie haben keinen Nachnamen eingegeben. Versuchen Sie es noch einmal! Oops! Sie haben eine ungültige E-Mail Adresse eingegeben. Versuchen Sie es noch einmal! Anmelden Warum können Sie bei uns sicher einkaufen? Impressum AGB Datenschutz Kontakt Kundeninformation ","title":"Schlingen und Lanyard zum Klettern und für Höhenarbeiten","desc":"Schlingen und Lanyard für die Arbeitssicherung bei Höhenarbeiten hier online bestellen","details":{"length":5765,"language":"de","date":"2014/10/31 16:18:34","type":"text/html","country":""},"crawling":{"duration":"1","date":"2014/10/31 16:18:34"},"metas":[{"name":"description","value":"Schlingen und Lanyard für die Arbeitssicherung bei Höhenarbeiten hier online bestellen"},{"name":"keywords","value":"lanyard klettern, schlingen"},{"name":"robots","value":"index, follow"},{"name":"viewport","value":"width=1000"}],"uri":{"protocol":"http","domain":"de.bergsportshop24.","url":"http://bergsportshop24.de/schlingen-und-lanyard-4250941/?available=1&brand=tendon&price-range=20-50&sorting=name_asc"}}},{"_index":"de_content_201410","_type":"resourceQ","_id":"http://orbit-forum.de/search/?advanced;phpsessid=igeg2e9kiheqan0pc78j7otrs5","_score":1.0, "_source" : {"body":" XDA Orbit-Forum Juli 04, 2014, 13:50:55 Willkommen Gast. Bitte einloggen oder registrieren. 1 Stunde 1 Tag 1 Woche 1 Monat Immer Einloggen mit Benutzername, Passwort und Sitzungslänge News:     Übersicht Hilfe   Suche   Einloggen Registrieren   XDA Orbit-Forum >  Suche Suchparameter einstellen Suchen nach: nach Benutzer: Übereinstimmung aller Wörter Übereinstimmung eines Wortes z.B. Computer \"Spiele PC\" -Absturz Alter des Beitrags: Zwischen  und  Tage. Optionen: Zeige Ergebnisse als Beiträge Nur Betreff der Themen Suchreihenfolge: Höchste Relevanz zuerst Größtes Thema zuerst Kleinstes Thema zuerst Neuestes Thema zuerst Ältestes Thema zuerst Wählen Sie eine Kategorie aus, in welcher gesucht werden soll oder durchsuchen Sie alle Organisatorisches Hardware und Zubehör - Touch Pro 2 Generelle Themen Modifizierte ROMs - Touch 2 XDA Orbit / HTC Artemis Xda Diamond / HTC Diamond Touch/Pro XDA Orbit XDA Diamond Hardware und Zubehör - Orbit 1 Hardware und Zubehör - Diamond Modifizierte ROMs - Orbit 1 Modifizierte ROMs - Diamond XDA Orbit 2 / HTC Touch Cruise PPC/Smartphone Allgemein XDA Orbit 2 PPC / Smartphone Allgemein Hardware und Zubehör - Orbit 2 Hardware und Zubehör - PPC allgemein Modifizierte ROMs - Orbit 2 Modifizierte ROMs - PPC allgemein XDA Guide Software (Windows Mobile) XDA Guide Navigation Hardware und Zubehör - Guide Einstellungshilfen Modifizierte ROMs - Guide Allgemeine Software Touch HD / HTC Blackstone Provider Touch HD o2 Hardware und Zubehör - Blackstone T-Mobile Modifizierte ROMs - Touch HD Vodafone D2 HTC HD2 E-Plus, Base, etc. HD2 Marktplatz Hardware und Zubehör - HD2 Marktplatz Modifizierte ROMs - HD2 Sonstiges HTC Touch Pro 2 Vorstellung HTC Touch Pro 2 Off-Topic Alle markieren Powered by SMF 1.1.17 | SMF © 2006, Simple Machines Seite erstellt in 0.012 Sekunden mit 8 Zugriffen. ( Pretty URLs adds 0.004s, 1q) Lade... ","title":"Suchparameter einstellen","desc":"Suchparameter einstellen","details":{"length":1867,"language":"de","date":"2014/10/31 16:18:35","type":"application/xhtml+xml","country":""},"crawling":{"duration":"1","date":"2014/10/31 16:18:35"},"metas":[{"name":"description","value":"Suchparameter einstellen"},{"name":"keywords","value":"PHP, MySQL, bulletin, board, free, open, source, smf, simple, machines, forum"}],"uri":{"protocol":"http","domain":"de.orbit-forum.","url":"http://orbit-forum.de/search/?advanced;phpsessid=igeg2e9kiheqan0pc78j7otrs5"}}},{"_index":"de_content_201410","_type":"resourceQ","_id":"http://conimation.de/index.php?page=user&s=c1ef48ea3d2e41442a025466f2ff0a23ae4e4afa&userid=128","_score":1.0, "_source" : {"body":" Sie sind nicht angemeldet. Anmelden Sprache ändern Deutsch Deutsch (Anrede »Du«) Englisch Ungelesene Beiträge Unbeantwortete Themen Themen der letzten 24 Stunden Erweiterte Suche conimation.de Forum Mitglieder conimation.de » Mitglieder » Profil von »kooccachoo« Lieber Besucher, herzlich willkommen bei: conimation.de. Falls dies Ihr erster Besuch auf dieser Seite ist, lesen Sie sich bitte die Hilfe durch. Dort wird Ihnen die Bedienung dieser Seite näher erläutert. Darüber hinaus sollten Sie sich registrieren, um alle Funktionen dieser Seite nutzen zu können. Benutzen Sie das Registrierungsformular, um sich zu registrieren oder informieren Sie sich ausführlich über den Registrierungsvorgang. Falls Sie sich bereits zu einem früheren Zeitpunkt registriert haben, können Sie sich hier anmelden. kooccachoo Anfänger »kooccachoo« ist weiblich Sie müssen sich registrieren, um eine Verbindung mit diesem Benutzer herzustellen. Persönliche Informationen Geburtstag 31. Oktober 1984 (29) Geschlecht Weiblich Wohnort Nürnberg Beruf Schülerin Hobbys xD wasn das für ne frage: Animes/Mangas/Videogames etc etc Zum Seitenanfang Beiträge (11) Welche Mangas lest ihr gerade so??? Sonntag, 15. Juni 2008, 19:54 Importieren wird billiger! Sonntag, 15. Juni 2008, 19:50 Super Mario Real *g* Sonntag, 11. Mai 2008, 12:19 Flashmob in Osaka Sonntag, 11. Mai 2008, 12:11 Der übelstkrasse, megageniale Bild Vs. Bild Thread (Nr. 3) Montag, 28. April 2008, 06:26 Zum Seitenanfang Alle Beiträge anzeigen Alle Themen anzeigen Kontakt E-Mail-Adresse E-Mail an »kooccachoo« senden ICQ 146103768 vCard kooccachoo Allgemeine Informationen Registrierungsdatum Montag, 21. April 2008, 17:02 Letzte Aktivität Sonntag, 15. Juni 2008, 19:54 Profil-Aufrufe 1 698 (0,75 Aufrufe pro Tag) Beiträge 11 (0 Beiträge pro Tag) Hilfe Impressum Stil ändern WoltLab Basic WoltLab Blue Sunrise Sonntag, 6. Juli 2014, 08:11 Zum Seitenanfang Forensoftware: Burning Board® 3.1.7, entwickelt von WoltLab® GmbH Dauerhaft angemeldet bleiben? ","title":"Profil von »kooccachoo« - Mitglieder - conimation.de","desc":null,"details":{"length":1998,"language":"de","date":"2014/10/31 16:18:34","type":"application/xhtml+xml","country":""},"crawling":{"duration":"1","date":"2014/10/31 16:18:34"},"metas":[{"name":"description","value":""},{"name":"keywords","value":""}],"uri":{"protocol":"http","domain":"de.conimation.","url":"http://conimation.de/index.php?page=user&s=c1ef48ea3d2e41442a025466f2ff0a23ae4e4afa&userid=128"}}},{"_index":"de_content_201410","_type":"resourceQ","_id":"http://print.hautkrebsvorsorge-dermatologe.de/fusspilz-behandlung-hattingen.html","_score":1.0, "_source" : {"body":" Home > Haut und Haare > Hauterkrankungen > Pilzerkrankungen Fusspilz-Behandlung Hattingen bei Dr. Eichelberg Pilzerkrankungen, Nagelpilz Pilze in ihrer mikrobiellen Form sind überall und immer vorhanden, auf unseren Speisen, auf unserer Haut, in unseren Haaren und in unserem Darm. Wir atmen sie ein und schlucken sie herunter. Das ist ganz normal und eine der Grundbedingungen natürlichen Lebens, denn Pilze sind für natürliche Kreisläufe lebenswichtig. Doch bei Störungen der uns schützenden bakteriellen Flora und über Ansteckung können Pilze in unserem Körper überhand nehmen und zu lokalen Infektionen und Beschwerden führen. Der Nagelpilz ist eine Infektion der Nägel, die meist durch Fadenpilze (Dermatophyten) verursacht wird. Diese sind mit die häufigsten Urheber von Fußpilz. Der Erreger kann wechselseitig bei Fußpilz auch leicht die Nägel befallen und umgekehrt. Ursachen In Europa ist Trichophyton rubrum der mit 80 bis 90 Prozent häufigste Nagelpilzerreger. Die wissenschaftliche Bezeichnung für Nagelpilz ist Onychomykose (zusammengesetzt aus Onycho, was für den Nagel steht, und Mykose, die durch Pilze hervorgerufene Krankheit). Nagelpilz tritt vorwiegend dort auf, wo es feucht ist, damit sind viel häufiger die Fußnägel als die Fingernägel betroffen. In über 80 Prozent der Fälle ist der Großzehennagel betroffen. Verbreitung Behandlung Behandlung Nagelpilz-Infektionen sind meist sehr hartnäckig. Die Behandlung ist langwierig und erfordert viel Geduld, da das Material des Nagels nur langsam wächst und sich die Wirkstoffe, die in den Medikamenten enthalten sind, dort erst anreichern müssen. Die Behandlung mit der Arznei muss konsequent durchgeführt werden, der Therapieerfolg ist abhängig von Ihrer gewissenhaften Mitarbeit abhängig ist. Lasertherapie Ein ganz neues, aber sehr bewährtes Verfahren, ist der so genannte Nagellaser. Der Nagel wird durch Laserstrahlen auf eine Temperatur von ca. 60 Grad erhitzt, dadurch sterben Pilzelemente ab. Die Behandlung dauert wenige Sekunden und erreicht alleine, aber noch besser in Kombination mit den anderen Therapieformen ein wesentlich besseres Ergebnis, als man es bisher bei dieser hartnäckigen Erkrankung kannte. In der Regel wird alle 4-6 Wochen eine Behandlung durchgeführt. Und: Frauen dürfen die Nägel direkt nach dem Lasern auch wieder lackieren. Geduld und Konsequenz     Lasertherapie Zur Behandlungen von Nagel- und Hautpilzerkrankungen stehen nicht nur sehr wirksame äußerliche Behandlungen zur Verfügung, sondern auch verschiede Tabletten. Früher waren diese sehr reich an Nebenwirkungen, neue Produkte sind viel besser verträglich. Der Arzt berät Sie im Einzelfall über die optimale Behandlungsform. Tabletten Abtragen Vor Auftragen der Creme werden die pilzbefallenen, leicht ablösbaren und bröckelnden Nagelteile mit Schere, Einweg-Feile oder Sandpapier entfernt. Desinfizieren Sie nach jeder Nagelpflege Ihre Werkzeuge mit 70-prozentigem Isopropylalkohol oder anderen geeigneten Desinfektionsmitteln aus der Apotheke. Einweg-Feilen/Sandblattfeilen werfen Sie nach dem Gebrauch weg. Die Creme messerrückendick auf den kranken Nagel auftragen. Den Nagel anschließend mit einem wasserdichten Pflaster oder einer Schutzhülle (z.B. Fingerling oder Haushaltsfolie) abdecken. Diesen sogenannten Okkulsivverband nach ca. 12 Std. entfernen. Die aufgeweichten Nagelteile direkt nach dem Ablösen des Pflasters mit der Schere abschneiden bzw. mit der Schneide eines Scherenblattes oder mit einem Schaber oder Messer leicht abschaben. Sobald Sie das Pflaster abgelöst haben, beginnt das Aushärten des Nagels innerhalb weniger Minuten! Sie haben dann viel schlechtere Möglichkeiten des Abtragens. Täglich werden die Schritte 2 - 4 wiederholt, bis alle pilzerkrankten Nagelteile abgelöst sind. Nach dem Ablösen der pilzbefallenen Nagelteile muss mit der auch gegen Pilze wirksamen Creme so lange weiterbehandelt werden, bis der Nagel pilzfrei nachgewachsen ist. Wichtig: Bitte beenden Sie die Behandlung nicht eigenmächtig, sondern erst auf Anweisung Ihres Arztes hin. Haben Sie Geduld; Ihre Mühe wird sich auszahlen! Dauer der Behandlung PRAXIS-KLINIK DR. EICHELBERG & PARTNER | LEXIKON | MAP | IMPRESSUM | DATENSCHUTZ ","title":"Fusspilz Behandlung Hattingen | Pilzerkrankungen | Haut und Haare | Hauterkrankungen | Hautarzt Dortmund, Hautärzte Dortmund | Hautkrebsvorsorge Dermatologe | Praxis-Klinik Dr. Eichelberg & Partner Dortmund | Ästhetik","desc":"Pilzerkrankungen, Nagelpilz Pilze in ihrer mikrobiellen Form sind überall und immer vorhanden, auf unseren Speisen, auf unserer Haut, in unseren Haaren und in unserem Darm. Wir atmen sie ein und schlucken sie herunter. Das ist ganz normal und eine der Grundbedingungen n","details":{"length":4193,"language":"de","date":"2014/10/31 16:18:35","type":"text/html","country":""},"crawling":{"duration":"1","date":"2014/10/31 16:18:35"},"metas":[{"name":"description","value":"Pilzerkrankungen, Nagelpilz Pilze in ihrer mikrobiellen Form sind überall und immer vorhanden, auf unseren Speisen, auf unserer Haut, in unseren Haaren und in unserem Darm. Wir atmen sie ein und schlucken sie herunter. Das ist ganz normal und eine der Grundbedingungen n"},{"name":"author","value":"Praxisklinik Dr. Eichelberg, Dortmund"},{"name":"copyright","value":"Alle Rechte vorbehalten, Dr. Eichelberg & Partner, 1999 - 2007"},{"name":"keywords","value":"Praxisklinik Dr. Eichelberg & Partner, Dortmund; Hautarzt, Hautärzte Dermatologie Umweltmedizin Allergie Lichttherapie, Venenleiden, Haarausfall, Faltenunterspritung, Botulinum Toxin, Lasermedizin"},{"name":"description","value":"Praxisklinik Dr. Eichelberg & Partner, Dortmund; Hautärzte und Umweltmedizin, Hautarzt, Dermatologie, Allergologie, ästhetische Medizin, Lasermedizin"},{"name":"page-topic","value":"Medizin"},{"name":"audience","value":"Alle,All"},{"name":"page-type","value":"Kommerzielle Organisation"},{"name":"language","value":"DE"},{"name":"robots","value":"INDEX,FOLLOW"},{"name":"publisher","value":"[bense.com] GmbH Dortmund"},{"name":"generator","value":"[bense.com] - cms2web - content management system"}],"uri":{"protocol":"http","domain":"de.hautkrebsvorsorge-dermatologe.print.","url":"http://print.hautkrebsvorsorge-dermatologe.de/fusspilz-behandlung-hattingen.html"}}},{"_index":"de_content_201410","_type":"resourceQ","_id":"http://sohni-wicke.de/de/produkte-alle-produkte-der-heinrich-bauer-group/schr%c3%b6del-welt/zubeh%c3%b6r-karneval?flypage=schroedel&page=shop.product_details&pop=0&product_id=1317","_score":1.0, "_source" : {"body":" Sonntag, 06. Juli 2014 Impressum Werde Fan! Home Startseite Heinrich Bauer Group Service Kontakt Service Newsletter Kontakt Anfrage & Kontakt Produkte Alle Produkte auf einem Blick Maisto Modellfahrzeugwelt Maisto Tech 1:10 RC (READY 2 RUN) 1:16 RC Off Road 1:18 RC MUSCLE MACHINES 1:24 RC INFRAROT TECHNOLOGIE RC TOYS 1:14 RC RTR Automodelle 1:18 Special - Edition 1:18 Premiere - Edition 1:24 Hippie-Line 1:24-27 Special - Edition 1:24 Customshop Allstars 1:64 Customshop 1:24 Harley Davidson 1:18 SWAROVSKI EDITION Muscle Machines Bausätze Ferrari Kits Motorrad 1:12 1:18 1:6+1:10+1:18 MOTOGP 1:18 Harley-Davidson Toys SPIDER-MAN Fresh-Metal Zubehör Pia Pia Club Pia Pia Club/Bären Pia Pia Club/Hunde Pia Pia Club/Katzen Pia Pia Club/Haus- und Hoftiere Pia Pia Club/Wildtiere Pia Pia Club/Waldtiere Pia Pia Club/Funky Mohair Fine Art Bauer Exclusive 1:18 Bugatti Esders 1:18 Bugatti Royale 1:12 Mercedes-Benz 500K 1:18 Lamborghini Crystallized J.G.Schrödel Welt 8-Schuss Pistolen 12-Schuss Pistolen 13-Schuss Pistolen 100-Schuss Pistolen Spezial Pistolen 8-Schuß Gewehre 12-Schuß Gewehre 13-Schuß Gewehre 100-Schuß Gewehre Western-und Polizei-Sets Pink-Line Zubehör Karneval Zubehör Holz Munition Pfeil und Bogen Sohni-Wicke Welt Metall 100-Schuss Pistolen 8-Schuss Pistolen 12-Schuss Pistolen Spezial Gewehre Zubehör Special Agent Lucky Luke Kunststoff 100-Schuss Pistolen 8-Schuss Pistolen 12-Schuss Pistolen 25/50-Schuss Pistolen Gewehre Special Agent Pistolen Terminator Lucky Luke Munition 100-Schuss Papier 8-Schuss Ring 12-Schuss Ring 1/10-Schuss Streifen 25/50-Schuss Streifen Plüschtierwelt Klassiker Display & Fancy Neue Plüsch Freunde Weihnachten Handspielpuppenwelt Klassiker Handspielpuppen Baby Blickfänger Serie 20cm Serie 23cm Serie 28cm liegend Serie 31cm sitzend Serie 31cm stehend Serie 40cm liegend Serie 41cm liegend Serie 64cm BEANS Serie 26cm Jaquard-Serie 23cm Jaquard-Serie 36cm Jaquard-Serie 46cm Jaquard Serie 69cm Feder-Tiere Sonstige Tiere Wassertiere Display EDISON Giocattoli Montecarlo-Linie Matic-Linie Schieß-Spiele Nürnberger Meisterzinnwelt Giessformen und Zubehör INDIANER + COWBOY Sky Balls Intex Welt Vertrieb Händler & Vertriebspartner Bauer Exclusive Vertrieb weltweit Bauer Plüsch Händler Deutschland Bauer Plüsch Vertrieb weltweit Edison Händler Deutschland Maisto Händler Deutschland Meisterzinn Händler Deutschland PiaPia Club Händler Deutschland PiaPia Club Vertrieb weltweit Schrödel Händler Deutschland Schrödel Vertrieb weltweit Sohni-Wicke Vertrieb weltweit Skyballs Händler Deutschland Karriere Starten Sie durch. Bauer Individual Spezielle Kundenanfertigungen auf Wunsch Qualität & Standards Schroedel Neuheiten Schrödel verbindet J.G. Schrödel QUALITÄT ZUM ANFASSEN. Wir bieten Ihnen QUALITÄT ZUM ANFASSEN! Als Ergänzung zu den üblichen Verpackungen führen wir den patentierten IDEAL® MARKEN- Tester. Der bietet Qualität zum Anfassen und Ausprobieren in der geschlossenen Halterung. Der Endverbraucher kann die Ware testen, ohne eine Verpackung öffnen zu müssen. Der Schrödel-Tester ist IDEAL! HÖCHSTE STANDARDS. Es werden nicht nur alle Artikel selbst entwickelt, sondern auch die Werkzeuge hierfür hergestellt. Die gesamten Produktionseinrichtungen befinden sich auf dem neuesten Stand der Technik. Details SCHRÖDEL VERBINDET GENERATIONEN. Großeltern, die heute für Ihre Enkel einkaufen, haben selbst schon als Kinder mit Schrödelartikeln gespielt. Es werden nicht nur alle Artikel selbst entwickelt, sondern auch die Werkzeuge hierfür hergestellt. Über 165 Jahre Schrödel. Seit Jahrzehnten bürgen die Namen J.G.Schrödel und IDEAL für Qualität. Das gilt für Spielzeugwaffen ebenso wie für Sommerartikel. Im Jahre 1846 wurde das Haus J.G.Schrödel gegründet. Seit Generationen werden hochwertige Spielzeugartikel hergestellt und weltweit verkauft. Seit Jahrzehnten sprechen Spielzeugwaffen und Sommerspielzeuge der Marke J.G.Schrödel IDEAL für Qualität. Produkte J.G.Schrödel Welt Zubehör Karneval Schrödel Wild West Welt Zubehör Karneval Handschellen antik Handschellen antik Sheriff-Stern größeres Bild anzeigen Handschellen antik Tester Art. Nr.: 7097381 EAN CODE: 4007832073819 Anzahl (Stück) im Umkarton: 80 Anzahl (Stück) im Innenkarton: 40 Stellen Sie eine Frage zu diesem Produkt Zuletzt aktualisiert: Sunday, 06 July 2014 07:11 Produktsuche Zur Karnevalszeit sind unsere Produkte auch in verschiedenen namhaften Verbrauchermärkten und Warenhäusern für Sie präsent. Schrödel Händler Deutschland >> Schrödel Vertrieb weltweit >> 8-Schuss Pistolen 12-Schuss Pistolen 13-Schuss Pistolen 100-Schuss Pistolen Spezial Pistolen 8-Schuß Gewehre 12-Schuß Gewehre 13-Schuß Gewehre 100-Schuß Gewehre Western-und Polizei-Sets Pink-Line Zubehör Karneval Zubehör Holz Munition Pfeil und Bogen ","title":"Bauer Group Nürnberg - Handschellen antik","desc":"4007832073819","details":{"length":4744,"language":"de","date":"2014/10/31 16:18:35","type":"application/xhtml+xml","country":""},"crawling":{"duration":"1","date":"2014/10/31 16:18:35"},"metas":[{"name":"robots","value":"index, follow"},{"name":"keywords","value":"plüsch, pluesch, modelle, modellfahrzeug, 1:10, 1:12.1:14, 1:18 1: 12, holspielzeug, holz, maisto blickfänger, schrödel, karneval, spielzeugpistolen, kinderspielzeug, jollywood, sohni wicke, intex, pools, luftbetten"},{"name":"description","value":"4007832073819"},{"name":"generator","value":"Joomla! 1.5 - Open Source Content Management"}],"uri":{"protocol":"http","domain":"de.sohni-wicke.","url":"http://sohni-wicke.de/de/produkte-alle-produkte-der-heinrich-bauer-group/schr%c3%b6del-welt/zubeh%c3%b6r-karneval?flypage=schroedel&page=shop.product_details&pop=0&product_id=1317"}}},{"_index":"de_content_201410","_type":"resourceQ","_id":"http://yachtweb.de/wiki/hersteller.php?id=2042&pag=28","_score":1.0, "_source" : {"body":" Yachtweb Sportboot Hersteller Kontakt FAQ YachtWiki Start Sea Ray - Sportboote Sportboot - Schnellsuche Hersteller, Werft, Bootsmodell bis 3 Meter 3 bis 5 Meter 5 bis 7 Meter 7 bis 9 Meter 9 bis 12 Meter 12 bis 15 Meter 15 bis 18 Meter über 18 Meter Die letzten Suchen Monterey 246 2655 Dufour 32 Classic Princess 35 Fly Cranchi 32 Maxum 1700 Sr Sea Ray 220 Da Bayliner 2655 Ciera Zodiac Projet Dufour 3800 Sea Ray Boote Sea Ray 48 Längen: 14,6 bis 47,9 Meter Sea Ray 48 Sedan Bridge - Baujahre: 2002 bis 2008 Länge: 14,6 Meter Sea Ray 48 Sundancer Längen: 14,6 bis 15,5 Meter Sea Ray 480 Sedan Bridge - Baujahre: 1998 bis 2002 Längen: 14,6 bis 17,1 Meter Sea Ray 480 Sundancer Längen: 14,6 bis 15,2 Meter Sea Ray Sedan Bridge 480 - Baujahre: 1991 bis 2009 Länge: 14,9 Meter Sea Ray 50 Längen: 15,2 bis 50 Meter Sea Ray 50 Sundancer - Baujahre: 1998 bis 2004 Länge: 15,2 Meter Sea Ray 500 Länge: 15,2 Meter Sea Ray 510 - Baujahre: 1990 bis 2009 Längen: 15,2 bis 16,5 Meter | 1 | 2 | 3 | 4 | 5 | 6 | 7 | 8 | 9 | 10 | 11 | 12 | 13 | 14 | 15 | 16 | 17 | 18 | 19 | 20 | 21 | 22 | 23 | 24 | 25 | 26 | 27 | 28 | 29 | 30 | 31 | oft gesuchte Boots-Hersteller Azimut . Bavaria . Bayliner . Beneteau . Boston Whaler . Carver . Chaparral . Cranchi . Crestliner . Dufour . Fairline . Formula . Four Winns . Glastron . Harris . Hunter . Jeanneau . Lowe . Lund . Maxum . Monterey . Princess . Quicksilver . Regal . Rinker . Sea Ray . Silverton . Sunseeker . Tahoe . Tracker . Triton . Wellcraft . Yamaha . Zodiac Startseite Yachthäfen Online Törnplaner Slipanlagen Hersteller von Sportbooten Impressum FAQ Yachtweb Das Kopieren und/oder Nutzen der hier aufgeführten zusammenhängenden Daten der Bootsliste ist nicht gestattet. © 2011-2014 YachtWeb. Alle Rechte vorbehalten ","title":"Sea Ray: Sportboot und Motoryacht, Technische Daten","desc":"Sportboote von Sea Ray. Technische Daten und Bilder zur Modellpalette. Abmasse, Gewicht, Antriebe, Ausstattungen","details":{"length":1759,"language":"de","date":"2014/10/31 16:18:35","type":"application/xhtml+xml","country":""},"crawling":{"duration":"1","date":"2014/10/31 16:18:35"},"metas":[{"name":"description","value":"Sportboote von Sea Ray. Technische Daten und Bilder zur Modellpalette. Abmasse, Gewicht, Antriebe, Ausstattungen"},{"name":"keywords","value":"Sea Ray, Sportboot, Motoryacht, Sportboote, Motoryachten, Technik, Gebrauchtboot, Gebrauchtboote, Ausstattung, Bilder"}],"uri":{"protocol":"http","domain":"de.yachtweb.","url":"http://yachtweb.de/wiki/hersteller.php?id=2042&pag=28"}}},{"_index":"de_content_201410","_type":"resourceQ","_id":"http://heylo.de/content.php?seite=seiten/kontakt.php&session=56626d5ade9b6c519bd6d9014724ac55","_score":1.0, "_source" : {"body":" Select Language: Händler Login » | Datenschutz » | AGB » | Kontakt » | Impressum » Händler-Portal anmelden Startseite Unternehmen Produkte Seminare Downloads Service Kontakt Datenschutz AGB Kontakt Impressum Partner Kontakt Ansprechpartner bei der HEYLO GmbH suchen » Hauptsitz: HEYLO GmbH Im Finigen 9 28832 Achim Telefon+49 (0) 42 02 / 97 55 - 0 Fax+49 (0) 42 02 / 97 55 - 97 E-Mail info@heylo.de Sitz in der Schweiz: HEYLO (Schweiz) AG Südstraße 16 3250 Lyss Telefon+41 (0) 32 / 387 16 80 Fax+41 (0) 32 / 387 16 85 E-Mail info@heylo.ch Anrede* Bitte ausfüllen Herr Frau Vorname Nachname* Position Unternehmen Telefon* Fax Mobil E-Mail* Straße, Nr. PLZ Ort Newsletter Aufmerksam geworden durch Bitte ausfüllen Empfehlung Telefonberatung Suchmaschine Internetauftritt persönlicher Kontakt Sonstiges Ihre Mitteilung Bitte tragen Sie hier den Sicherheitscode der links angezeigt wird ein. Falls Sie den Sicherheitscode nicht lesen können, klicken Sie bitte auf das kleine Symbol rechts vom Bild. Sicherheitscode  mit * gekennzeichnete Felder bitte ausfüllen   Abschicken » News [21.04.2014] Staubschutz am Arbeitsplatz – Senkung des Staubgrenzwertes Luftreinigung am Bau und bei der Sanierung wird jetzt noch schärfer überwacht. Der Grenzwert für lungengängigen Staub wurde vom Ausschuss für Gefahrstoffe (AGS) in der TRGS 900 auf 1,25 mg/m³ gesenkt. Luftreiniger werden somit zum Muss im Gerätepark eines jeden Sanierungsunternehmens mehr ... Weitere News Messen [30.10.2014 - 01.11.2014] 25. Hanseatische Sanierungstage mehr ... Weitere Messen Newsletter Anmelden Abmelden   Sitemap | Seite empfehlen | Seite drucken HEYLO GmbH | Im Finigen 9 | 28832 Achim | Telefon: +49 (0) 42 02 / 97 55 - 0 | Fax: +49 (0) 42 02 / 97 55 - 97 Deutsch | English | Èesky | Polska | Kontakt | Impressum ","title":"HEYLO - mobile Heizgeräte | Trockner | Ventilatoren | Luftreinigung - Kontakt","desc":"Der Experte für Profis wann immer es um Beheizung, Trocknung, Ventilation und Luftreinigung geht. Mobile Heizgeräte, Trockner, Lüfter, Filter und die dazugehörige Messtechnik.","details":{"length":1787,"language":"de","date":"2014/10/31 16:18:38","type":"application/xhtml+xml","country":""},"crawling":{"duration":"1","date":"2014/10/31 16:18:38"},"metas":[{"name":"author","value":"HEYLO GmbH"},{"name":"publisher","value":"HEYLO GmbH - www.heylo.de"},{"name":"copyright","value":"HEYLO GmbH - www.heylo.de"},{"name":"description","value":"Der Experte für Profis wann immer es um Beheizung, Trocknung, Ventilation und Luftreinigung geht. Mobile Heizgeräte, Trockner, Lüfter, Filter und die dazugehörige Messtechnik."},{"name":"keywords","value":"HEYLO, Industrie, Bau, Heizgeräte, Bauheizer, Entfeuchter, Kondensationstrockner, Bautrockner, Dämmschichttrockner, Lüfter, Ventilatoren, Filter, Messtechnik, Leckortungssysteme, Seminar, Bautrocknung, Wasserschadensanierung, Leckortung, Schimmelpilzsanierung, Baubeheizung, Zeltbeheizung, Klimatisierung."},{"name":"audience","value":"all"},{"name":"language","value":"de"},{"name":"robots","value":"index,follow"},{"name":"revisit-after","value":"7 days"}],"uri":{"protocol":"http","domain":"de.heylo.","url":"http://heylo.de/content.php?seite=seiten/kontakt.php&session=56626d5ade9b6c519bd6d9014724ac55"}}},{"_index":"de_content_201410","_type":"resourceQ","_id":"http://35imeetings.hauckzilla.de/login.php?referer=ecard.php%3falbum%3dtoprated%26cat%3d0%26pid%3d847%26pos%3d171","_score":1.0, "_source" : {"body":" Home Register FAQ Login   Passat - 35i Member Meetings Bildergalerie der 6er Plz Serverbremser Album list Last uploads Last comments Most viewed Top rated My Favorites Search Enter your username and password to login Warning your browser does not accept script's cookies Username Password Remember me I forgot my password Powered by Coppermine Photo Gallery   ","title":"Passat - 35i Member Meetings - Login","desc":null,"details":{"length":361,"language":"en","date":"2014/10/31 16:18:37","type":"text/html","country":""},"crawling":{"duration":"1","date":"2014/10/31 16:18:37"},"metas":[],"uri":{"protocol":"http","domain":"de.hauckzilla.35imeetings.","url":"http://35imeetings.hauckzilla.de/login.php?referer=ecard.php%3falbum%3dtoprated%26cat%3d0%26pid%3d847%26pos%3d171"}}},{"_index":"de_content_201410","_type":"resourceQ","_id":"http://mephit.de/memberlist.php?mode=leaders&sid=9a20dbcada1210fd1451386fdf5ad679","_score":1.0, "_source" : {"body":" ↓ Skip to Main Content Die Runenkrieger Home Forum Chat Galerie Langenhagen – 2013 Foren-Übersicht Ändere Schriftgröße FAQ WordPress Blog Du musst registriert und angemeldet sein, um die Liste der Team-Mitglieder anzuschauen. Benutzername: Passwort: Ich habe mein Passwort vergessen Mich bei jedem Besuch automatisch anmelden Meinen Online-Status während dieser Sitzung verbergen   Foren-Übersicht Das Team • Alle Cookies des Boards löschen • Alle Zeiten sind UTC + 1 Stunde Powered by phpBB® Forum Software © phpBB Group Deutsche Übersetzung durch phpBB.de © 2014 Die Runenkrieger ↑ Responsive Theme powered by WordPress ","title":"Die Runenkrieger • Anmelden","desc":null,"details":{"length":623,"language":"de","date":"2014/10/31 16:18:35","type":"text/html","country":""},"crawling":{"duration":"1","date":"2014/10/31 16:18:35"},"metas":[{"name":"viewport","value":"width=device-width, initial-scale=1.0"},{"name":"generator","value":"WordPress 3.9.1"},{"name":"resource-type","value":"document"},{"name":"distribution","value":"global"},{"name":"keywords","value":""},{"name":"description","value":""}],"uri":{"protocol":"http","domain":"de.mephit.","url":"http://mephit.de/memberlist.php?mode=leaders&sid=9a20dbcada1210fd1451386fdf5ad679"}}},{"_index":"de_content_201410","_type":"resourceQ","_id":"http://bk-rlp.de/%22&quot;&amp;&amp;amp;http://www.facebook.com/fileadmin/download/uploads/pics/stein_02.jpg;quot;quot","_score":1.0, "_source" : {"body":" Der Verband Publikationen Ausstellungen Mitglieder Termine Mitgliederausstellungen Ausstellungen, Märkte, Messen Wettbewerbe, Ausschreibungen Verbandstermine Nachrichten Werkstoffe Schmuck Holz Keramik Textil Metall Glas Stein Weitere Kunst am Bau Linkliste Aus- und Weiterbildung Beratungs- und Informationsstellen Fachzeitschriften Museen Organisationen und Verbände Sonstige Links Partner Internes Interne Nachrichten Anmeldung Forum Aktuelles: INTERGEM - Internationale Fachmesse für Edelsteine und Edelsteinschmuck Vom 3.-6. Oktober präsentiert die profilierte Edelstein- und Schmuckmesse Spitzenprodukte und Innovationen für ein internationales Fachpublikum in Idar-Oberstein  [mehr] Portrait Besuchen Sie das Künstlerportait von Lisa Leuschen Zum Künstler Portrait ©2009 Berufsverband Kunsthandwerk RLP e.V. |  Impressum ","title":"BK-RLP","desc":null,"details":{"length":829,"language":"de","date":"2014/10/31 16:18:35","type":"text/html","country":""},"crawling":{"duration":"1","date":"2014/10/31 16:18:35"},"metas":[{"name":"generator","value":"TYPO3 4.5 CMS"},{"name":"Content-Language","value":"deutsch, de"},{"name":"ROBOTS","value":"follow"}],"uri":{"protocol":"http","domain":"de.bk-rlp.","url":"http://bk-rlp.de/%22&quot;&amp;&amp;amp;http://www.facebook.com/fileadmin/download/uploads/pics/stein_02.jpg;quot;quot"}}},{"_index":"de_content_201410","_type":"resourceQ","_id":"http://mtbsimulator.de/dasforum/viewtopic.php?p=699&sid=25e2bf2dfe1ae80b7bc098c1545f0f9b","_score":1.0, "_source" : {"body":"   Registrieren     Anmelden     Forum     Suche     FAQ Foren-Übersicht »  MTB-Simulator (erweiterte Ansicht nach Freischaltung) »  Touren Aktuelle Zeit: Mi 2. Jul 2014, 08:05 Alle Zeiten sind UTC + 1 Stunde Unbeantwortete Themen |  Aktive Themen   Touren DVD 20 - Erdpyramiden  Seite 1 von 1  [ 1 Beitrag ]  Neues Thema erstellen\"> Antwort erstellen Touren DVD 20 - Erdpyramiden     Druckansicht   Vorheriges Thema |  Nächstes Thema    Touren DVD 20 - Erdpyramiden Autor Nachricht bruno   Betreff des Beitrags: Touren DVD 20 - Erdpyramiden     Verfasst: Fr 6. Jan 2012, 18:19  Persönlicher Bereich Website Registriert: Fr 18. Sep 2009, 19:35 Beiträge: 957 Wohnort: Schnaittach Aktuell in Arbeit ist die 2. Tour aus dem 2011er \"Südtirol-Trainingslager\". Es gibt wieder zwei Teile: 1. Teil von Gais über Bruneck im Pustertal bis Platten, dann eine traumhafte Auffahrt hoch bis zu den Erdpyramiden. 2. Teil: Wir starten an der Lercheralm und fahren an Hangwegen des Tesselbergs mit herrlichen Ausblicken ins Tal (am Ende ein schmaler, für Biker gesperrter Singletrail) zurück nach Gais. Tourdaten: Teil1: 14.7 km, 760 Hm, 1:31 Teil2: ca. 13 km, 350 Hm, ca. 1 Std. _________________ freundliche Grüße, Bruno (MTB-Simulator Team)   Beiträge der letzten Zeit anzeigen: Alle Beiträge 1 Tag 7 Tage 2 Wochen 1 Monat 3 Monate 6 Monate 1 Jahr  Sortiere nach Autor Erstellungsdatum Betreff Aufsteigend Absteigend     Seite 1 von 1  [ 1 Beitrag ]  Foren-Übersicht »  MTB-Simulator (erweiterte Ansicht nach Freischaltung) »  Touren Aktuelle Zeit: Mi 2. Jul 2014, 08:05 Alle Zeiten sind UTC + 1 Stunde Unbeantwortete Themen |  Aktive Themen   Wer ist online? Mitglieder in diesem Forum: 0 Mitglieder und 1 Gast       Du darfst keine neuen Themen in diesem Forum erstellen. Du darfst keine Antworten zu Themen in diesem Forum erstellen. Du darfst deine Beiträge in diesem Forum nicht ändern. Du darfst deine Beiträge in diesem Forum nicht löschen. Du darfst keine Dateianhänge in diesem Forum erstellen. Suche nach: Gehe zu:  Wähle ein Forum aus ------------------ MTB-Simulator (erweiterte Ansicht nach Freischaltung)    Software    Touren    Hardware    Webauftritt, Forum und Shop    Lob und Tadel    Allgemeines   Powered by phpBB® Forum Software © phpBB Group   Design by Mighty Gorgon  Some ideas by ChriZ  Deutsche Übersetzung durch phpBB.de ","title":"MTB-Simulator • Thema anzeigen - Touren DVD 20 - Erdpyramiden","desc":null,"details":{"length":2335,"language":"de","date":"2014/10/31 16:18:35","type":"application/xhtml+xml","country":""},"crawling":{"duration":"1","date":"2014/10/31 16:18:35"},"metas":[{"name":"resource-type","value":"document"},{"name":"distribution","value":"global"},{"name":"keywords","value":""},{"name":"description","value":""}],"uri":{"protocol":"http","domain":"de.mtbsimulator.","url":"http://mtbsimulator.de/dasforum/viewtopic.php?p=699&sid=25e2bf2dfe1ae80b7bc098c1545f0f9b"}}},{"_index":"de_content_201410","_type":"resourceQ","_id":"https://planet-patchwork.de/en/article/pu/24668/2/","_score":1.0, "_source" : {"body":" Home Fabrics What's new Offers Notions Beads Conditions Contact Design Pad Shopping Cart mu-041-01-8070 Manufacturer/designer: R. Kaufman 'Spot On' picture 33 cm x 25 cm Price: 16.50 € / m centimeter Price: 4.13 € / FQ FQ further fabrics from this collection or in addition suitable gr-066-01-8070 Price: 16.50 € * / m centimeter Price: 4.13 € * / FQ FQ or-030-01-8070 Price: 16.50 € * / m centimeter Price: 4.13 € * / FQ FQ tu-029-01-8070 Price: 16.50 € * / m centimeter Price: 4.13 € * / FQ FQ tu-030-01-8070 Price: 16.50 € * / m centimeter Price: 4.13 € * / FQ FQ mu-040-01-8070 Price: 16.50 € * / m centimeter Price: 4.13 € * / FQ FQ mu-042-01-8070 Price: 16.50 € * / m centimeter Price: 4.13 € * / FQ FQ mu-044-01-8070 Price: 16.50 € * / m centimeter Price: 4.13 € * / FQ FQ optimized for standards Planet Patchwork Shop 3.1 ","title":"Planet Patchwork » Article » mu-041-01-8070","desc":"Patchwork-Shop mit riesiger Auswahl (über 3000 Stoffe).","details":{"length":831,"language":"en","date":"2014/10/31 16:18:36","type":"application/xhtml+xml","country":""},"crawling":{"duration":"1","date":"2014/10/31 16:18:36"},"metas":[{"name":"revisit-after","value":"14 days"},{"name":"description","value":"Patchwork-Shop mit riesiger Auswahl (über 3000 Stoffe)."},{"name":"keywords","value":"quilt, quilting, quilts, patchwork, stoffe, patchworkstoff, patchworkstoffe, hoffman, hofmann, kaufmann, kaufman, kaffe fassett, tante ema, andover, benartex, classic cottons, clothworks, cranston, david textiles, fabri-quilt, northcott, moda, makower, stof, maywood, spectrix, south sea imports, free spirit, clover, prym, guetermann, rollschneider, coats, sulky, omnigrid, sticken, metz, stoffe, baumwollstoffe, shop, berlin"},{"name":"robots","value":"INDEX, FOLLOW"},{"name":"rating","value":"Safe For Kids"},{"name":"copyright","value":"planet-patchwork.de"},{"name":"author","value":"Niklas Bölter [niklas@frubar.net]"},{"name":"language","value":"English"},{"name":"generator","value":"vim, xinha, BBEdit, TextMate"}],"uri":{"protocol":"https","domain":"de.planet-patchwork.","url":"https://planet-patchwork.de/en/article/pu/24668/2/"}}},{"_index":"de_content_201410","_type":"resourceQ","_id":"http://car-styling-bz.de/castrol:::56.html?xtcsid=hl4l7h5gfsq6hkusl9gdi25vk2","_score":1.0, "_source" : {"body":" Suche: Erweiterte Suche » Startseite Warenkorb Mein Konto Neukunde? Kasse Anmelden Startseite » Katalog » Castrol Kategorien Castrol Achsgetriebeöle Bremsflüssigkeit Getriebeöle Motorenöle Motorradöle Schaltgetriebeöle Dr. O.K. Wack Chemie Liqui Moly Wigo Schnellkauf Bitte geben Sie die Artikelnummer aus unserem Katalog ein. Mehr über... Liefer- und Versandkosten Privatsphäre und Datenschutz Unsere AGB Impressum Kontakt Widerrufsrecht Altölentsorgung Informationen Sitemap Angebote Castrol Syntrans B 75W 1L Statt 19,45 EUR Nur 18,00 EUR Sie sparen 7 % / 1,45 EUR inkl. 19 % MwSt. zzgl. Versandkosten Castrol Hier finden Sie alle Produkte der Firma CASTROL Weitere Unterkategorien: Achsgetriebeöle Bremsflüssigkeit Getriebeöle Motorenöle Motorradöle Schaltgetriebeöle Neue Artikel Castrol ATF Multivehicle 1L Castrol Transmax Z 1L Freigaben: JASO 1A; Ebenfalls einsetzbar bei folgenden Herstelleranforderungen: Aisin Warner JWS 3309, Toyota Typ T / T-II / T-III / T-IV, Jatco Automatic Transmission, Nissan Matic Fluid C/ D/ J, Mitsubishi Diamond SP-II/ SP-III, Suzuki ATF Oil und ATF Oil Speci 23,95 EUR ( inkl. 19 % MwSt. zzgl. Versandkosten ) Lieferzeit: 3-4 Tage   Castrol ATF Dex II Multivehicle 1L Castrol Transmax Z 1L Freigaben: GM Dexron® IID; Ford Mercon®; MAN 339 Z1, V1; ZF TE-ML 03D, 04D, 11A, 14A, 17C; MB-Freigabe 236.6; Voith H55.6335xx; Allison C4 13,45 EUR ( inkl. 19 % MwSt. zzgl. Versandkosten ) Lieferzeit: 3-4 Tage   Castrol Transmax Dex III Multivehicle 1L Castrol Transmax Z 1L Freigaben: GM Dexron® III; Ford Mercon®; MAN 339 Z1, V1; ZF TE-ML, 04D, 11A, 14A 17C; MB-Freigabe 236.6, 236.9; Voith H55.6335xx; Allison C4, TES 389; Volvo 97340, 97341 13,95 EUR ( inkl. 19 % MwSt. zzgl. Versandkosten ) Lieferzeit: 3-4 Tage   Castrol Transmax Dual 1L Castrol Transmax Z 1L Freigaben: Erfüllt Ford Anforderungen WSS-M2C-936-A (Doppelkupplungsgetriebe); Aktuatorik und Kupplung Audi S-Tronic-Doppelkupplungsgetriebe (DL 501), gem. G 052 529; Castrol Empfehlung für VW, Seat, Skoda 6-Gang (VW DQ 250, DSG); Volvo 1161838 & 9; Chrysler (Europe); Mitsubishi 18,45 EUR ( inkl. 19 % MwSt. zzgl. Versandkosten ) Lieferzeit: 3-4 Tage   Castrol Transmax Z 1L Castrol Transmax Z 1L Freigaben: MB-Freigabe 236.81; MAN 339 V2, Z3; Empfehlung Nissan Matic Fluid D; Voith H55.6336xx; VW 501.60; ZF TE-ML 04D, 11B, 14C, 16M 24,95 EUR ( inkl. 19 % MwSt. zzgl. Versandkosten ) Lieferzeit: 3-4 Tage   Castrol Brake Fluid DOT 4 1L FMVSS 116 DOT 4; ISO 4925 Class 4; JIS K2233; SAE J1703; SAE J1704 16,95 EUR ( inkl. 19 % MwSt. zzgl. Versandkosten ) Lieferzeit: 3-4 Tage   Castrol React Performance DOT 4 1L FMVSS 116 DOT 4; ISO 4925 Class 4; JIS K2233; SAE J1703; SAE J1704 17,45 EUR ( inkl. 19 % MwSt. zzgl. Versandkosten ) Lieferzeit: 3-4 Tage   Castrol React SRF Racing 1L FMVSS 116 DOT 3, FMVSS 116 DOT 4; ISO 4925 Class 4; JIS K2233; SAE J1703 61,95 EUR ( inkl. 19 % MwSt. zzgl. Versandkosten ) Lieferzeit: 3-4 Tage   Castrol Axle EPX 90 1L MB-Freigabe 235.0; MAN 342 Typ M1; ZF TE-ML 16C, 17B, 19B, 21A 13,45 EUR ( inkl. 19 % MwSt. zzgl. Versandkosten ) Lieferzeit: 3-4 Tage   Warenkorb Ihr Warenkorb ist leer. Zahlungsmöglichkeiten Willkommen zurück! E-Mail-Adresse: Passwort: Passwort vergessen? Newsletter-Anmeldung Bleiben Sie immer auf dem neusten Stand! E-Mail-Adresse: Partner Autopflegecenter Bautzen Shop Schmierstoffe, Pflegeprodukte zum Discountpreis © 2014 | Template © 2009 by xtcModified eCommerce Shopsoftware xtcModified ©2014 provides no warranty and is redistributable under the GNU General Public License eCommerce Engine 2006 based on xt:Commerce Parse Time: 0.221s","title":"Castrol - Autopflegecenter Bautzen Shop Schmierstoffe, Pflegeprodukte zum Discountpreis","desc":"Castrol - Hier finden Sie alle Produkte der Firma CASTROL","details":{"length":3596,"language":"de","date":"2014/10/31 16:18:36","type":"application/xhtml+xml","country":""},"crawling":{"duration":"1","date":"2014/10/31 16:18:36"},"metas":[{"name":"keywords","value":"castrol"},{"name":"description","value":"Castrol - Hier finden Sie alle Produkte der Firma CASTROL"},{"name":"robots","value":"index,follow"},{"name":"language","value":"de"},{"name":"author","value":"Michael Kaczmarek"},{"name":"publisher","value":"Michael Kaczmarek"},{"name":"company","value":"Autopflegecenter Bautzen"},{"name":"page-topic","value":"shopping"},{"name":"reply-to","value":"m.kaczmarek@autopflegecenter-bautzen.de"},{"name":"distribution","value":"global"},{"name":"revisit-after","value":"5"},{"name":"generator","value":"(c) by xtcModified -----|-- http://www.xtc-modified.org-"}],"uri":{"protocol":"http","domain":"de.car-styling-bz.","url":"http://car-styling-bz.de/castrol:::56.html?xtcsid=hl4l7h5gfsq6hkusl9gdi25vk2"}}},{"_index":"de_content_201410","_type":"resourceQ","_id":"http://ptb.de/cms/en/publikationen/zeitschriften/ptb-news/news00-2/secondary-standard-for-personal-x-ray-dosimetry.html","_score":1.0, "_source" : {"body":" zum Seiteninhalt Physikalisch-Technische Bundesanstalt Deutsch English Sitemap Homepage About PTB Structure Thematic tours What's new Publications Jobs/Training Services Technology Transfer Forschung in Europa Contact Links Search Imprint Publications >  Magazines >  PTB News >  PTB News 2000.2 > Secondary Standard for Personal X-ray Dosimetry Secondary Standard for Personal X-ray Dosimetry PTBnews2000_2e (209.4 kb) PTBnews 2/2000, English edition, August 2000 Single Electrons Riding the Surface Acoustic Waves Multi-wave Standards – a Breakthrough in Form Measurement Secondary Standard for Personal X-ray Dosimetry The «New» Helmholtz Prize New Building for Optical Metrology Magnetoneurography Dynamic Power Measurement by Means of Ergometers Fast Three-dimensional Measurement of Flow Fields PTB has developed a new secondary standard for the operational quantity «personal dose equivalent», H p(10), in use in X-ray radiation protection. The standard resolves several problems concerning the calibration of whole-body personal dose meters with low-energy photon fields. PTB’s new secondary standard for the operational quantity «personal dose equivalent» H p(10) comprises an ionisation volume inside a polymethyl metacrylate (PMMA) slab (30 cm x 30 cm x 15 cm). A step cylinder in the centre of the front surface leads to an almost constant energy and angle dependence with respect to H p(10). In order to evaluate the risk of ionising radiation to human bodies in a more specific way rather than measuring the dose on the surface of a person’s body, the quantity «personal dose equivalent» H p(10) has been introduced by international institutions. The quantity H p(10) is defined in 10 mm depth in a person’s body in order to take into account, e. g., the radiation exposure of deep-lying organs. This quantity has to be transferred into national legislation of the countries of the European Community in 2000. For calibration purposes, the quantity is defined in a slab phantom, and is determined from the «old» quantity air kerma (kinetic energy released in material, here: released in air) by means of conversion coefficients. For reference radiation fields, these coefficients are tabulated in the international standard ISO 40 37-3. A problem not solved in this standard is the calibration in photon fields with a mean energy lower than about 25 keV. In this range of photon energies, the conversion coefficients depend strongly on the spectral distribution of the photon radiation, which is influenced by both the air density and the characteristics of the X-ray facility used to generate the reference photon field. Small spectral differences may lead to conversion coefficients for nominally the same X-ray field which differ by up to several ten per cent. PTB has developed a new secondary standard for photon radiation which measures the true value of the personal dose equivalent H p(10) on a slab phantom directly. This procedure avoids the use of conversion coefficients. The standard is optimised to provide a nearly constant response with respect to H p(10) for photon energies from about 10 keV to 1400 keV and for angles of incidence from 0° to 75°. The secondary standard is commercially available. Contact at PTB: Dr. Ulrike Ankerhold Department 6.2 Phone: 0531-592-6200 Dr. Ulrike Ankerhold Department 6.22 Phone: 0531-592-6200 © Physikalisch-Technische Bundesanstalt, last update: 2011-11-17,  Volker Großmann   Printview,  PDF ","title":"Physikalisch-Technische Bundesanstalt (PTB): Secondary Standard for Personal X-ray Dosimetry","desc":"Die Physikalisch-Technische Bundesanstalt (PTB)","details":{"length":3463,"language":"en","date":"2014/10/31 16:18:37","type":"application/xhtml+xml","country":""},"crawling":{"duration":"1","date":"2014/10/31 16:18:37"},"metas":[{"name":"generator","value":"TYPO3 4.5 CMS"},{"name":"keywords","value":"PTB, Physikalisch technische Bundesanstalt, Metrologie, Messwesen"},{"name":"description","value":"Die Physikalisch-Technische Bundesanstalt (PTB)"},{"name":"author","value":"WEB-Redaktion"}],"uri":{"protocol":"http","domain":"de.ptb.","url":"http://ptb.de/cms/en/publikationen/zeitschriften/ptb-news/news00-2/secondary-standard-for-personal-x-ray-dosimetry.html"}}},{"_index":"de_content_201410","_type":"resourceQ","_id":"http://das-shogunat.de/search.php?search_id=active_topics&sid=f676a4791daa2c07033ae8c9634a3e03","_score":1.0, "_source" : {"body":" Forum der EVE-Online Corporation \"Das Shogunat\"   Anmelden     Forum     Registrieren     Suche     FAQ Foren-Übersicht »  Aktive Themen Aktuelle Zeit: Di 01 Jul, 2014 20:56 Alle Zeiten sind UTC + 1 Stunde [ Sommerzeit ] Unbeantwortete Themen |  Aktive Themen   Aktive Themen Suche    Themen   Autor   Antworten   Zugriffe   Letzter Beitrag  Es wurden keine passenden Ergebnisse gefunden. Beiträge der letzten Zeit anzeigen: Alle Ergebnisse 1 Tag 7 Tage 2 Wochen 1 Monat 3 Monate 6 Monate 1 Jahr      Seite 1 von 1 [ Die Suche ergab 0 Treffer ] Foren-Übersicht »  Aktive Themen Aktuelle Zeit: Di 01 Jul, 2014 20:56 | Alle Zeiten sind UTC + 1 Stunde [ Sommerzeit ] Alle Cookies des Boards löschen |  Das Team |  Nach oben Gehe zu:  Wähle ein Forum aus ------------------ Öffentlich    Pressemeldungen       Diplomatie    Quafe-Bar    Rekrutierung       Satzung   Powered by phpBB © 2007 phpBB Group Deutsche Übersetzung durch phpBB.de Design by Mighty Gorgon  ","title":" • Aktive Themen","desc":null,"details":{"length":960,"language":"de","date":"2014/10/31 16:18:34","type":"application/xhtml+xml","country":""},"crawling":{"duration":"1","date":"2014/10/31 16:18:34"},"metas":[{"name":"resource-type","value":"document"},{"name":"distribution","value":"global"},{"name":"copyright","value":"2002-2007 phpBB Group"},{"name":"keywords","value":""},{"name":"description","value":""}],"uri":{"protocol":"http","domain":"de.das-shogunat.","url":"http://das-shogunat.de/search.php?search_id=active_topics&sid=f676a4791daa2c07033ae8c9634a3e03"}}},{"_index":"de_content_201410","_type":"resourceQ","_id":"http://oldieboote.de/de/navigation/forum.html?tx_mmforum_pi1%5baction%5d=post_history&tx_mmforum_pi1%5bfid%5d=tognacci","_score":1.0, "_source" : {"body":"          11. Oldieboote Sommertreffen Home Aktuelles Begriffslexikon Forum Forum Suche Anmelden Newsletter bestellen Kleinanzeigen Bildergalerie Boote & Werften Boote der Community Technik Treffen/Termine 2014 Presse Verein Links Suchen & Finden   Erweiterte Suche   Benutzername: Passwort: Angemeldet bleiben Passwort vergessen? Benutzerkonto anlegen +++ 11. traditionelles Oldieboote-Treffen 25.7. bis 27.7.2014 Relax-Camping und Seefläche Gästehaus Teupitz +++ Oldieboote Forum Alle Beiträge: Tognacci Zur Seite : [1] Hallo aus wien 02.09.2011 [07:11] Urlaub mit dem Oldie 05.02.2011 [05:08] Hallo aus Österreich 10.10.2010 [11:49] Hallo aus Österreich 10.10.2010 [11:47] Hallo aus Österreich 10.10.2010 [11:43] Hallo aus Österreich 10.10.2010 [07:52] Hallo aus Österreich 10.10.2010 [07:49] Hallo aus Österreich 09.10.2010 [17:08] Hallo aus Österreich 09.10.2010 [07:25] Hallo aus Österreich 09.10.2010 [06:33] Zur Seite : [1] 10 Beiträge insgesamt, 2 Themen eröffnet ca. 0.01 Beiträge pro Tag Portalinfo: Zur Zeit sind 2 Benutzer online, davon 0 registrierte Benutzer und 2 Gäste. Heute waren bereits 17 registrierte Benutzer und 910 Gäste online. Derzeit online www.oldieboote.de hat 1757 registrierte Benutzer, 3917 Themen und 17814 Antworten. Es werden durchschnittlich 9.54 Beiträge pro Tag erstellt. » Zusätzliche Informationen anzeigen     Webauftritt |  Datenschutz |  Impressum |  Kontakt     Hier könnte   Ihre Werbung stehen.   Kontakt bitte über   erster.vorstand(at)oldieboote.de ","title":"Forum","desc":null,"details":{"length":1498,"language":"de","date":"2014/10/31 16:18:37","type":"text/html","country":""},"crawling":{"duration":"1","date":"2014/10/31 16:18:37"},"metas":[{"name":"generator","value":"TYPO3 4.5 CMS"}],"uri":{"protocol":"http","domain":"de.oldieboote.","url":"http://oldieboote.de/de/navigation/forum.html?tx_mmforum_pi1%5baction%5d=post_history&tx_mmforum_pi1%5bfid%5d=tognacci"}}},{"_index":"de_content_201410","_type":"resourceQ","_id":"http://bilder.motorradtreffentermine.de/thumbnails.php?album=36&page=1","_score":1.0, "_source" : {"body":" Termine Album list Last uploads Last comments Most viewed Top rated My Favorites Search Home | Login Motorradtreffentermine Bildergalerie - Bilder von Motorradtreffen aus Süddeutschland sowie aus Nah und Fern 2009-03-14 MC Creeps 2. Clubhausparty TITLE  +   -     FILE NAME  +   -     DATE  +   -     POSITION  +   -  Bericht Motorrad-Kurier 113 views Bericht aus dem Motorrad-Kurier Ausgabe 04/2009 Einladung 109 views 658 views 592 views 532 views 589 views 571 views 550 views 514 views 556 views 548 views 581 views 21 files on 2 page(s) 1 2 Powered by Coppermine Photo Gallery   ","title":"Motorradtreffentermine Bildergalerie - 2009-03-14 MC Creeps 2. Clubhausparty","desc":null,"details":{"length":585,"language":"de","date":"2014/10/31 16:18:37","type":"application/xhtml+xml","country":""},"crawling":{"duration":"1","date":"2014/10/31 16:18:37"},"metas":[],"uri":{"protocol":"http","domain":"de.motorradtreffentermine.bilder.","url":"http://bilder.motorradtreffentermine.de/thumbnails.php?album=36&page=1"}}},{"_index":"de_content_201410","_type":"resourceQ","_id":"http://mens-secret.de/nach-marke/msp-concept-gmbh-co-kg/?sid=8c80b5fffa099898a06cba4febe7f1c3","_score":1.0, "_source" : {"body":" Deutsch Deutsch Deutsch EUR EUR EUR GBP CHF USD Konto Konto Mein Konto Mein Artikelvergleich Mein Merkzettel Meine Lieblingslisten Sie haben Ihr Passwort vergessen? Kein Problem, hier können Sie ein neues Passwort einrichten. Ihre E-Mail-Adresse: Bitte Wert angeben! Bitte geben Sie eine gültige E-Mail-Adresse ein Passwort anfordern Nachdem Sie den 'Passwort anfordern'-Knopf angeklickt haben, schicken wir Ihnen eine E-Mail zu, mit der Sie Ihr Passwort ändern können. Sollten Sie innerhalb der nächsten Minuten KEINE E-Mail mit Ihren Zugangsdaten erhalten, so überprüfen Sie bitte: Haben Sie sich in unserem Shop bereits registriert? Wenn nicht, so tun Sie dies bitte einmalig im Rahmen des Bestellprozesses. Sie können dann selbst ein Passwort festlegen. Sobald Sie registriert sind, können Sie sich in Zukunft mit Ihrer E-Mail-Adresse und Ihrem Passwort einloggen. Wenn Sie sich sicher sind, dass Sie sich in unserem Shop bereits registriert haben, dann überprüfen Sie bitte, ob Sie sich bei der Eingabe Ihrer E-Mail-Adresse evtl. vertippt haben. Sollten Sie trotz korrekter E-Mail-Adresse und bereits bestehender Registrierung weiterhin Probleme mit dem Login haben und auch keine \"Passwort vergessen\"-E-Mail erhalten, so wenden Sie sich bitte per E-Mail an: info@mens-secret.de Login Login ? Passwort merken Login Registrieren Startseite Natürliche Potenzmittel Für IHN Für SIE Penisverlängerung Penimaster Penisstrecker Zubehör Brustvergrößerung Beauty für SIE & IHN Haarpflege Hautpflege Pheromone - Lockstoff Sie sind hier: /  Nach Marke /  MSP Concept GmbH & Co.KG MSP Concept GmbH & Co.KG 1 2 3 4 Nächstes Sortierung: Wählen Name Name Preis Preis Artikel pro Seite: 10 10 20 50 100 Ansicht: Galerie zweispaltig Galerie zweispaltig Galerie Liste PeniMaster PRO (Komplett-Set) 329,00 € * In den warenkorb PeniMaster PRO (Basissystem) 199,00 € * In den warenkorb PeniMaster PRO - Upgrade Kit I 209,00 € * In den warenkorb PeniMaster PRO - 5er Set Standard-Schleuse 4,95 € * In den warenkorb PeniMaster PRO - PROMaster Comfort & Care 12,95 € * In den warenkorb PeniMaster PRO - Kupplungspfanne 47,90 € * In den warenkorb PeniMaster PRO - Split-Adapter (zwei Größen) 19,90 € * In den warenkorb PeniMaster PRO - Standard-Drehventil 14,95 € * In den warenkorb PeniMaster PRO - Gurt - Zugkrafterzeuger 79,00 € * In den warenkorb PeniMaster PRO - Anatomische Eichelkammer mit Frenulumschutz 99,00 € * In den warenkorb 1 2 3 4 Nächstes Newsletter Abonnieren * Alle Preise inkl. MwSt., zzgl. Versandkosten. SERVICE Kontakt Warenkorb Konto Merkzettel Info-Center INFORMATIONEN Impressum AGB Datenschutz Versand und Kosten Zahlungsarten Widerrufsrecht Newsletter Batterieverordnung MARKE Andromedical S.L. EROpharm HGB AG Medicura Naturprodukte AG MSP Concept GmbH & Co.KG ZeinPharma Germany GmbH KATEGORIEN Natürliche Potenzmittel Penisverlängerung Brustvergrößerung Beauty für SIE & IHN Men's Secret 2011 - Geben Sie ihrem Liebesleben neuen Schwung! Penisverlängerung | Erektionsfähigkeit und Potenz steigern *: inkl. MwSt., zzgl. Versandkosten. ","title":" MSP Concept GmbH & Co.KG","desc":"nach marke, msp concept gmbh & co.kg - PeniMaster PRO (Komplett-Set), PeniMaster PRO (Basissystem), PeniMaster PRO - Upgrade Kit I, PeniMaster PRO - 5er Set Standard-Schleuse, PeniMaster PRO - PROMaster Comfort & Care, PeniMaster PRO - Kupplungspfanne, PeniMaster PRO - Split-Adapter (zwei Größen), PeniMaster PRO - Standard-Drehventil, PeniMaster PRO - Gurt - Zugkrafterzeuger, PeniMaster PRO - Anatomische Eichelkammer mit Frenulumschutz","details":{"length":3047,"language":"de","date":"2014/10/31 16:18:35","type":"text/html","country":""},"crawling":{"duration":"1","date":"2014/10/31 16:18:35"},"metas":[{"name":"description","value":"nach marke, msp concept gmbh & co.kg - PeniMaster PRO (Komplett-Set), PeniMaster PRO (Basissystem), PeniMaster PRO - Upgrade Kit I, PeniMaster PRO - 5er Set Standard-Schleuse, PeniMaster PRO - PROMaster Comfort & Care, PeniMaster PRO - Kupplungspfanne, PeniMaster PRO - Split-Adapter (zwei Größen), PeniMaster PRO - Standard-Drehventil, PeniMaster PRO - Gurt - Zugkrafterzeuger, PeniMaster PRO - Anatomische Eichelkammer mit Frenulumschutz"},{"name":"keywords","value":"nach, marke, msp, concept, gmbh, &, co.kg, penimaster, pro, -, komplett-set, pro-basissystem, penisexpaner, upgrade, kit, i, geeignet, standard-schleuse, medizinischem, soft-latex, verhindert, erleichtert, anlegen, verbessert, den, tragekomfort, verbindet, stangen-zugkrafterzeuger, mit, zur, optimierten, anpassung, eichelkammer, kleinere, luftdicht, wenn, unten, geschraubt, gurt-zugkrafterzeuger, wird, zusammen, anatomisch, geformte, hohlkammer, eichel, (komplett-set), (basissystem), 5er, set, promaster, comfort, care, kupplungspfanne, split-adapter, (zwei, größen), standard-drehventil, gurt, zugkrafterzeuger, anatomische, frenulumschutz"}],"uri":{"protocol":"http","domain":"de.mens-secret.","url":"http://mens-secret.de/nach-marke/msp-concept-gmbh-co-kg/?sid=8c80b5fffa099898a06cba4febe7f1c3"}}},{"_index":"de_content_201410","_type":"resourceQ","_id":"http://theater-erfurt.de/frontend/index.php?cs=11&mid=110&page_id=21&s2f_pg=323&ses_id=43526a4e6b597d5325dc19aed4ba1b2d","_score":1.0, "_source" : {"body":" Sie sind hier: Über uns > Theaterarchiv de | en Spielplan Junges Theater Presse & Aktuelles Business & Partner Tickets & Service Über uns › Profil › Basis-Informationen › Geschichte ›  Theaterarchiv › Spielzeit 2012-2013 › Spielzeit 2011-2012 › Spielzeit 2010-2011 › Spielzeit 2009-2010 › Spielzeit 2008-2009 › Ensemble › Spielstätten › Stellenangebote › Kontakt Überblick › DomStufen-Festspiele in Erfurt › Erfurts Neue Noten 2014/2015 › Uraufführungszyklus › Tickets & Service › Gutscheine kaufen › Gutscheine bestellen › Download Broschüren › Newsletter und Informationen › Archiv › Mediathek Tickets & Information: +49 361 22 33 155 Seite empfehlen Hier können Sie den soeben aufgerufenen Beitrag weiterempfehlen. Es wird per Email der Link zu dieser Seite verschickt. Name des Empfängers Emailadresse des Empfängers   Ihr Name Ihre Emailadresse   Ihre persönliche Nachricht an den Empfänger   Nach oben | Seite empfehlen | Inhalte drucken ","title":"Theater Erfurt","desc":"Theater Erfurt","details":{"length":945,"language":"de","date":"2014/10/31 16:18:35","type":"text/html","country":""},"crawling":{"duration":"1","date":"2014/10/31 16:18:35"},"metas":[{"name":"generator","value":"Lombego Systems - LANCE | http://www.lombego.de"},{"name":"author","value":"Theater Erfurt"},{"name":"description","value":"Theater Erfurt"},{"name":"keywords","value":"Theater Erfurt"},{"name":"robots","value":"index, follow"},{"name":"publisher","value":"Theater Erfurt"},{"name":"copyright","value":"Theater Erfurt"},{"name":"page-topic","value":"Theater Erfurt"},{"name":"page-type","value":""},{"name":"audience","value":"Alle"},{"name":"robots","value":"INDEX, FOLLOW"},{"name":"Revisit-after","value":"7"}],"uri":{"protocol":"http","domain":"de.theater-erfurt.","url":"http://theater-erfurt.de/frontend/index.php?cs=11&mid=110&page_id=21&s2f_pg=323&ses_id=43526a4e6b597d5325dc19aed4ba1b2d"}}},{"_index":"de_content_201410","_type":"resourceQ","_id":"http://godsofstorm.de/index.php?forum-inform-p1296&sid=649376e676b4585f92194a3673aae015","_score":1.0, "_source" : {"body":" Login Registieren   Passwort verloren? Home News Forum Infosection Community Misc Kontakt Imprint Friends Social Links News Gästebuch Gallery Kalender Forum Mitglieder Link List Downloads History Away Kontakt Impressum Regeln Account erstellen Letzte Forumeinträge »  Clan spezifische Foren »  Bewerbung StreetHunter13 Autor: StreetHunter13 | Last: Seelenfresser83 am 15.03.14 - 10:22 Uhr Reply: 1 »  Clan spezifische Foren »  Neuvorstellung alexknatterton Autor: alexknatterton | Last: Don_Miguel1983 am 27.09.13 - 16:24 Uhr Reply: 2 »  Öffentliche Foren »  Konjunktiv (Was wäre wenn ) Autor: Seelenfresser83 | Last: Don_Miguel1983 am 27.09.13 - 16:21 Uhr Reply: 10 »  Clan spezifische Foren »  Burnout Paradise Autor: alexknatterton | Last: alexknatterton am 23.09.13 - 11:03 Uhr Reply: 0 »  Öffentliche Foren »  Lustige Videos und mehr :D Autor: Kingster | Last: Kingster am 08.08.13 - 12:36 Uhr Reply: 3 »  Öffentliche Foren »  HELFEN UND SCHENKEN Autor: frogglie | Last: frogglie am 18.06.13 - 14:24 Uhr Reply: 2 »  Öffentliche Foren »  Verkaufsbörse Autor: frogglie | Last: frogglie am 12.06.13 - 23:28 Uhr Reply: 0 »  Gameserver »  Battlefield 3 Server Autor: Seelenfresser83 | Last: Seelenfresser83 am 18.05.13 - 13:20 Uhr Reply: 2 »  Gameserver »  Admin application. Autor: gzolek | Last: gzolek am 08.09.12 - 16:02 Uhr Reply: 5 »  Clan spezifische Foren »  Neues Profil Mod Autor: Seelenfresser83 | Last: Seelenfresser83 am 22.08.12 - 04:48 Uhr Reply: 0 »  Clan spezifische Foren »  Verbesserungen (Homepage) Autor: Kingster | Last: Seelenfresser83 am 06.08.12 - 18:41 Uhr Reply: 3 »  Gameserver »  Reserve Slots auf dem Game server Autor: Seelenfresser83 | Last: ZockerJohn am 15.06.12 - 17:08 Uhr Reply: 16 »  Games »  BF3 Videos :D Autor: Kingster | Last: schusti88 am 06.06.12 - 11:15 Uhr Reply: 4 »  Clan spezifische Foren »  TS 3 Änderungen Autor: DarthRace | Last: Kingster am 08.04.12 - 15:24 Uhr Reply: 6 »  Gameserver »  Bann Autor: DavidRohff | Last: Don_Miguel1983 am 12.03.12 - 15:21 Uhr Reply: 4 »  Gameserver »  Battlefield 3 Server Autor: Seelenfresser83 | Last: Seelenfresser83 am 31.01.12 - 16:54 Uhr Reply: 4 »  Clan spezifische Foren »  Alles Gute zum BDAY Blue! Autor: Kingster | Last: Blu3 am 18.01.12 - 20:44 Uhr Reply: 6 »  Clan spezifische Foren »  Alles gute :) Autor: Kingster | Last: Seelenfresser83 am 20.12.11 - 18:05 Uhr Reply: 5 »  Gameserver »  Battlefield 3 Update Heute Autor: Seelenfresser83 | Last: Kingster am 24.11.11 - 20:16 Uhr Reply: 1 »  Games »  Origin Namen Autor: Kingster | Last: pex am 23.11.11 - 19:54 Uhr Reply: 31 » Forum » Benachrichtigung Beitrag melden Benachrichtigung an Moderator: Bitte auswählen Seelenfresser83 (Admin) Kingster (Admin) frogglie (Admin) Don_Miguel1983 (Admin) Kingster (Moderator)   Antispam   Menü Bf3 Leaderbord Downloads Gallery Kalender Kontakt Impressum Clan Menü LinkUs Wars Awards Regeln History Teamspeak3 Umfrage keine Umfrage vorhanden Shoutbox Seelenfresser83:   01.01.14 - 14:15 Danke dir das wünschen wir euch auch Devilfighter:   01.01.14 - 14:12 Gutes neues Jahr @all Kingster:   23.12.13 - 22:40 so wir haben scheinbar spammer im forum... was nun ? dennis ruf mich am besten ma aufm handy an Kingster:   23.12.13 - 22:38 so wir haben scheinbar spammer im forum... was nun ? dennis ruf mich am besten ma aufm handy an Seelenfresser83:   05.12.13 - 11:11 huhu mein Internet geht wieder Juuhuu Kingster:   03.11.13 - 14:26 Weiss ned mir gefällts einfach garnet Seelenfresser83:   01.11.13 - 12:03 warum du Penis Archiv Geburtstag Bottna hat am 09.08.2014 Geburtstag   Don_Miguel1983 hat am 19.08.2014 Geburtstag   schusti88 hat am 29.08.2014 Geburtstag Top Poster Seelenfresser83 postings: 207 Kingster postings: 160 Don_Miguel1983 postings: 101 schusti88 postings: 18 Wanted postings: 15 Top Topics »  Origin Namen reply:31 -- last : pex am 23.11.11 um 19:54 Uhr »  Abgehackte Forenposts reply:18 -- last : Seelenfresser83 am 27.10.11 um 10:40 Uhr »  Erklärung zum gehen reply:17 -- last : Kingster am 12.11.11 um 00:04 Uhr Statistik  Gesamt: 127305  Heute: 92  Gestern: 166  Forum Posts: 952  Forum Threads: 109  Mitglieder: 47  Online: 4 Alle Rechte vorbehalten - | Design by Maretz.eu | CMS by Ilch.de ","title":" :: Forum :: Benachrichtigung","desc":null,"details":{"length":4205,"language":"de","date":"2014/10/31 16:18:36","type":"application/xhtml+xml","country":""},"crawling":{"duration":"1","date":"2014/10/31 16:18:36"},"metas":[],"uri":{"protocol":"http","domain":"de.godsofstorm.","url":"http://godsofstorm.de/index.php?forum-inform-p1296&sid=649376e676b4585f92194a3673aae015"}}},{"_index":"de_content_201410","_type":"resourceQ","_id":"http://lauftipps.de/foren/viewforum.php?f=8&sid=57dcd8b7625dc254859a28c0f5e1b4f0","_score":1.0, "_source" : {"body":" Lauftipps Laufnachrichten Lauflexikon Laufforum / Lauftagebuch Laufshops Laufbücher Laufforum Lauftagebuch Nickpages Mitglieder Umkreis-Suche Foren-Statistiken Hilfe 04.07.2014, 13:24 Uhr        Erweiterte Suche | Login | Registrieren |                Trainingsforum Moderatoren: Laufanja, Mara Toni Besucher in diesem Forum: Keine Gehe zu Seite 1, 2, 3 ... 46, 47, 48   Weiter Lauftipps.de Foren-Übersicht Alle Themen als gelesen markieren  Themen   Antworten   Autor   Aufrufe   Letzter Beitrag  Sommer und Herbst 7 losläufer 819 04.07.2014, 12:04 losläufer Laufsemmels 2014 [ Gehe zu Seite: 1 ... 12, 13, 14 ] 139 Laufsemmel 13397 23.06.2014, 07:45 Laufsemmel Vom Winter in den Frühling [ Gehe zu Seite: 1 ... 9, 10, 11 ] 104 losläufer 11638 16.06.2014, 09:26 Laufsemmel Trainingsplan Marathon 4:30 von Lauftipps [ Gehe zu Seite: 1, 2, 3 ] 21 trashgirl 3581 11.06.2014, 07:34 trashgirl Voll im Plan [ Gehe zu Seite: 1 ... 3, 4, 5 ] 43 Mary 5077 03.06.2014, 22:41 Mary Und sie läuft und läuft und läuft [ Gehe zu Seite: 1, 2 ] 18 Nine 2452 04.05.2014, 17:12 Mary Trainingsplan nicht geschafft :-( [ Gehe zu Seite: 1, 2 ] 15 minione1983 1621 25.03.2014, 16:37 minione1983 Wiedereinstieg mit einigen körperlichen Beschwerden. [ Gehe zu Seite: 1 ... 4, 5, 6 ] 56 Frank 10541 25.03.2014, 13:23 Nine Meinungen und Erfahrungen zu Gewichtsmanschetten 6 D76 1369 17.03.2014, 16:00 Laufsemmel Intervalltraining nach Puls? 7 Mary 1459 06.03.2014, 00:01 Mary Laufanalyse in Hessen 0 Mary 674 05.03.2014, 23:50 Mary Mein Wiederwiedereinstieg [ Gehe zu Seite: 1, 2, 3 ] 25 Kaeptn Nussholz 5947 22.12.2013, 15:17 Jörg 'STAR WARS'-Effekt 5 Cool Cat 1609 22.11.2013, 12:50 Jufigu [Umfrage] Erste Skelette und Vampire gesichtet [ Gehe zu Seite: 1, 2 ] 12 Cool Cat 2970 31.10.2013, 15:02 Cool Cat On the road again [ Gehe zu Seite: 1 ... 3, 4, 5 ] 49 Matthias W. 7713 28.10.2013, 21:49 losläufer Laufsemmels 2013 [ Gehe zu Seite: 1 ... 6, 7, 8 ] 77 Laufsemmel 11607 04.10.2013, 21:32 losläufer Laufen am Strand 4 Gido 1944 25.09.2013, 10:03 Mary Pace/Intervall-Entwicklung [ Gehe zu Seite: 1, 2 ] 16 Nils 4280 26.08.2013, 15:47 fun runner Herzfrequenz für abnehmen? [ Gehe zu Seite: 1, 2 ] 10 Running Al 2103 15.08.2013, 22:37 Running Al Letzter Langer Lauf vor Marathon [ Gehe zu Seite: 1, 2 ] 13 Vita 3154 02.08.2013, 14:43 Vita Bunter Wintertrainingsthread [ Gehe zu Seite: 1 ... 11, 12, 13 ] 121 Matthias W. 16779 26.05.2013, 13:36 Laufsemmel Ich bin wieder hier 6 Matthias W. 2270 17.05.2013, 23:17 ratze Geht es schneller..? [ Gehe zu Seite: 1 ... 5, 6, 7 ] 66 Andy67 19118 03.05.2013, 19:49 Leixoletti Nach dem HM ist vor dem HM... [ Gehe zu Seite: 1 ... 6, 7, 8 ] 71 tobit 13800 25.04.2013, 10:55 tobit Lauftraining mit dem Handy aufzeichnen 8 Guido Schulze 3838 25.04.2013, 10:06 KlausiHH Back on track! [ Gehe zu Seite: 1, 2 ] 15 nele läuft 3576 15.04.2013, 07:36 Mary Lets talk about ......\"Marathontraining\" [ Gehe zu Seite: 1 ... 6, 7, 8 ] 79 Matthias W. 12031 07.04.2013, 19:37 Lutz Mein erster Lauf [ Gehe zu Seite: 1, 2, 3 ] 20 Lahme Ente 4378 20.03.2013, 10:19 Mary 30-20-10 Laufformel - Warum quäle ich mich eigentlich? 5 Lutz 2263 06.03.2013, 20:57 Laufanja Ausdauer am Laufband richtig trainieren? [ Gehe zu Seite: 1, 2, 3, 4 ] 31 Running Al 6845 13.02.2013, 10:22 Running Al Siehe Beiträge der letzten:  Alle Themen anzeigen 1 Tag 7 Tage 2 Wochen 1 Monat 3 Monate 6 Monate 1 Jahr  Lauftipps.de Foren-Übersicht Alle Zeiten sind GMT + 1 Stunde Seite 1 von 48 Gehe zu Seite 1, 2, 3 ... 46, 47, 48   Weiter Gehe zu:  Forum auswählen   Laufforen ---------------- Das allgemeine Laufforum Trainingsforum Ernährungsforum Laufberichte-Forum Triathlon-Forum Wehwehchen-Forum   Sonstige Foren ---------------- Alternativ- / Ausgleichssport-Forum Klatsch-Forum Lauftagebuch-Forum phpBB-Forum   Neue Beiträge    Keine neuen Beiträge    Ankündigung Neue Beiträge [ Top-Thema ]    Keine neuen Beiträge [ Top-Thema ]    Wichtig Neue Beiträge [ Gesperrt ]    Keine neuen Beiträge [ Gesperrt ] Deine Berechtigungen: Du kannst keine Beiträge in dieses Forum schreiben. Du kannst auf Beiträge in diesem Forum nicht antworten. Du kannst deine Beiträge in diesem Forum nicht bearbeiten. Du kannst deine Beiträge in diesem Forum nicht löschen. Du kannst an Umfragen in diesem Forum nicht mitmachen.   Facebook   Twitter   Pinterest   Google+   Sitemap   Newsletter   RSS Newsfeeds   Weiterempfehlen Mediadaten Pressespiegel Über Lauftipps.de Material für Webmaster Kontakt Impressum Datenschutz Werbung schalten © 2000 - 2014 Copyright by Lauftipps.de ","title":"Die Lauftipps-Foren :: Forum anzeigen - Trainingsforum","desc":"Die Foren auf lauftipps.de haben viele Tipps für das Lauftraining, z.B. für den Marathon oder Halbmarathon und die richtige Ernährung. Auch Laufberichte könnt Ihr hier veröffentlichen und Eure Erfahrungen austauschen.","details":{"length":4536,"language":"de","date":"2014/10/31 16:18:35","type":"text/html","country":""},"crawling":{"duration":"1","date":"2014/10/31 16:18:35"},"metas":[{"name":"titel","value":"Die Lauftipps-Foren - Tipps rund um das Laufen - Lauftraining zu Marathon und Halbmarathon"},{"name":"author","value":"Guido Schulze"},{"name":"publisher","value":"Guido Schulze"},{"name":"copyright","value":"Guido Schulze"},{"name":"revisit-after","value":"1 day"},{"name":"keywords","value":"foren, lauftagebuch, laufen, lauftipps, herzfrequenz, pulsuhren, lauftraining, lauftermine, marathon, halbmarathon, trainingsplan, trainingspläne, sporternährung, ausdauersport, laufbekleidung, laufschuhe, lauf, fettverbrennung, ausdauer, joggen"},{"name":"keywords","value":"foren, run, running, tips, sport, training, plans, marathon, halfmarathon, german, endurance, shoes, sports, nutrition, clothing, diary, pulse, watches, heart, rate, dates, jog"},{"name":"keywords","value":"foren, run, running, tips, sport, training, plans, marathon, halfmarathon, german, endurance, shoes, sports, nutrition, clothing, diary, pulse, watches, heart, rate, dates, jog"},{"name":"description","value":"Die Foren auf lauftipps.de haben viele Tipps für das Lauftraining, z.B. für den Marathon oder Halbmarathon und die richtige Ernährung. Auch Laufberichte könnt Ihr hier veröffentlichen und Eure Erfahrungen austauschen."},{"name":"abstract","value":"Die Foren auf lauftipps.de haben viele Tipps für das Lauftraining, z.B. für den Marathon oder Halbmarathon und die richtige Ernährung. Auch Laufberichte könnt Ihr hier veröffentlichen und Eure Erfahrungen austauschen."},{"name":"content-Language","value":"de"},{"name":"language","value":"German, de, deutsch"}],"uri":{"protocol":"http","domain":"de.lauftipps.","url":"http://lauftipps.de/foren/viewforum.php?f=8&sid=57dcd8b7625dc254859a28c0f5e1b4f0"}}},{"_index":"de_content_201410","_type":"resourceQ","_id":"http://ubuntu-forum.de/artikel/61390/wlan-multi-schalter-lenovo-think-pad-edge-s430.html?s=c12b53a5c459ebacdfc347218dfac12856c032d9","_score":1.0, "_source" : {"body":" Zum Seiteninhalt springen Sie sind nicht angemeldet. Anmelden Registrieren Ungelesene Beiträge Unbeantwortete Themen Themen der letzten 24 Stunden Erweiterte Suche Ubuntu-Forum & Kubuntu-Forum | www.Ubuntu-Forum.de Forum Portal Wiki Mitglieder Regeln Hilfe FAQ Unser Sponsor: Linux-Onlineshop.de Ubuntu-Forum & Kubuntu-Forum | www.Ubuntu-Forum.de » Hardware » Netzwerk+Internet - Einrichtung und Konfiguration » WLAN » [gelöst] WLAN Multi Schalter Lenovo Think Pad Edge S430 Lieber Besucher, herzlich willkommen bei: Ubuntu-Forum & Kubuntu-Forum | www.Ubuntu-Forum.de. Falls dies Ihr erster Besuch auf dieser Seite ist, lesen Sie sich bitte die Hilfe durch. Dort wird Ihnen die Bedienung dieser Seite näher erläutert. Darüber hinaus sollten Sie sich registrieren, um alle Funktionen dieser Seite nutzen zu können. Benutzen Sie das Registrierungsformular, um sich zu registrieren oder informieren Sie sich ausführlich über den Registrierungsvorgang. Falls Sie sich bereits zu einem früheren Zeitpunkt registriert haben, können Sie sich hier anmelden. Benutzerinformationen überspringen noisiV92 User Beiträge: 1 Registrierungsdatum: 10.03.2013 Wohnort: Göttingen Derivat: Xubuntu Version: 12.10 (Quantal Quetzal) Architektur: 64-Bit PC Desktop: XFCE 1 10.03.2013, 21:02 WLAN Multi Schalter Lenovo Think Pad Edge S430 Hallo Ubuntu-Forum! Ich habe seit diesem Wochenende erstmalig Linux installiert. Mein PC ist ein Lenovo Think Pad Edge S430. Es hat einen Schalter, mit dem man durch drücken bei windows in ein menü einer lenovo-software gekommen ist, in dem man per maus bluetooth UND wlan an und aus schalten konnteX Unter Xubuntu kann man dadurch bluetooth steuern, wlan jedoch leider nicht. Ich habe auch schon sudo rfkill in verschieden variationen ausprobiert, jedoch vergebens. Xubuntu version 12.10 Hier die liste mit hoffentlich allen daten, die für eine lösung nötig sind: Quellcode 1 2 3 4 5 christian@christian-Lappy:~$ cat /etc/lsb-release DISTRIB_ID=Ubuntu DISTRIB_RELEASE=12.10 DISTRIB_CODENAME=quantal DISTRIB_DESCRIPTION=\"Ubuntu 12.10\" Quellcode 1 2 3 4 5 christian@christian-Lappy:~$ uname -a Linux christian-Lappy 3.5.0-25-generic #39-Ubuntu SMP Mon Feb 25 19:02:34 UTC 2013 i686 i686 i686 GNU/Linux christian@christian-Lappy:~$ lspci -nn | grep -i net 03:00.0 Network controller [0280]: Intel Corporation Centrino Wireless-N 2230 [8086:0888] (rev c4) 04:00.0 Ethernet controller [0200]: Realtek Semiconductor Co., Ltd. RTL8111/8168B PCI Express Gigabit Ethernet controller [10ec:8168] (rev 07) Quellcode 1 2 3 4 5 6 7 8 9 10 11 12 christian@christian-Lappy:~$ lsusb Bus 001 Device 002: ID 8087:0024 Intel Corp. Integrated Rate Matching Hub Bus 002 Device 002: ID 8087:0024 Intel Corp. Integrated Rate Matching Hub Bus 003 Device 003: ID 17ef:6025 Lenovo Bus 003 Device 002: ID 04e8:6860 Samsung Electronics Co., Ltd GT-I9100 Phone [Galaxy S II], GT-P7500 [Galaxy Tab 10.1] Bus 001 Device 001: ID 1d6b:0002 Linux Foundation 2.0 root hub Bus 002 Device 001: ID 1d6b:0002 Linux Foundation 2.0 root hub Bus 003 Device 001: ID 1d6b:0002 Linux Foundation 2.0 root hub Bus 004 Device 001: ID 1d6b:0003 Linux Foundation 3.0 root hub Bus 001 Device 012: ID 8087:07da Intel Corp. Bus 001 Device 004: ID 147e:1002 Upek Bus 002 Device 003: ID 04f2:b2ea Chicony Electronics Co., Ltd Quellcode 1 2 3 4 5 6 7 8 9 christian@christian-Lappy:~$ iwconfig wlan0 IEEE 802.11bgn ESSID:off/any Mode:Managed Access Point: Not-Associated Tx-Power=off Retry long limit:7 RTS thr:off Fragment thr:off Power Management:off lo no wireless extensions. eth0 no wireless extensions. Quellcode 1 2 3 4 5 6 7 8 9 10 11 12 13 14 15 16 17 18 christian@christian-Lappy:~$ ifconfig eth0 Link encap:Ethernet HWaddr b8:88:e3:de:30:47 inet addr:192.168.178.57 Bcast:192.168.178.255 Mask:255.255.255.0 inet6 addr: fe80::ba88:e3ff:fede:3047/64 Scope:Link UP BROADCAST RUNNING MULTICAST MTU:1500 Metric:1 RX packets:16196 errors:0 dropped:0 overruns:0 frame:0 TX packets:10879 errors:0 dropped:0 overruns:0 carrier:0 collisions:0 txqueuelen:1000 RX bytes:21522268 (21.5 MB) TX bytes:1230837 (1.2 MB) lo Link encap:Local Loopback inet addr:127.0.0.1 Mask:255.0.0.0 inet6 addr: ::1/128 Scope:Host UP LOOPBACK RUNNING MTU:16436 Metric:1 RX packets:280 errors:0 dropped:0 overruns:0 frame:0 TX packets:280 errors:0 dropped:0 overruns:0 carrier:0 collisions:0 txqueuelen:0 RX bytes:25664 (25.6 KB) TX bytes:25664 (25.6 KB) Quellcode 1 2 3 4 5 6 7 8 9 10 11 12 13 14 15 16 17 18 19 20 21 22 23 24 25 26 27 28 29 30 31 32 33 34 35 36 37 38 39 40 41 42 43 44 45 46 47 48 49 50 51 52 53 54 55 56 57 58 59 60 61 62 63 64 65 66 67 christian@christian-Lappy:~$ lsmod Module Size Used by hid_generic 12485 0 usbhid 41734 0 hid 82179 2 hid_generic,usbhid snd_hda_codec_hdmi 31457 1 snd_hda_codec_realtek 63579 1 joydev 17162 0 rfcomm 37277 16 bnep 17708 2 parport_pc 31969 0 ppdev 12818 0 binfmt_misc 17261 1 coretemp 13169 0 arc4 12474 2 kvm 357807 0 aesni_intel 17939 0 cryptd 15615 1 aesni_intel aes_i586 16996 1 aesni_intel iwlwifi 348525 0 mac80211 461261 1 iwlwifi microcode 18210 0 cfg80211 175574 2 iwlwifi,mac80211 psmouse 84878 0 serio_raw 13032 0 uvcvideo 71278 0 videobuf2_core 32071 1 uvcvideo videodev 95842 2 uvcvideo,videobuf2_core lpc_ich 16926 0 videobuf2_vmalloc 12757 1 uvcvideo videobuf2_memops 13213 1 videobuf2_vmalloc snd_hda_intel 32516 4 snd_hda_codec 111548 3 snd_hda_codec_hdmi,snd_hda_codec_realtek,snd_hda_intel i915 457241 2 snd_hwdep 13273 1 snd_hda_codec btusb 17987 0 bluetooth 183270 22 rfcomm,bnep,btusb snd_pcm 80235 3 snd_hda_codec_hdmi,snd_hda_intel,snd_hda_codec nouveau 823896 1 ttm 75535 1 nouveau rtsx_pci_ms 12876 0 memstick 15843 1 rtsx_pci_ms snd_page_alloc 14037 2 snd_hda_intel,snd_pcm drm_kms_helper 47304 2 i915,nouveau drm 238811 6 i915,nouveau,ttm,drm_kms_helper mei 35797 0 mxm_wmi 12894 1 nouveau i2c_algo_bit 13198 2 i915,nouveau wmi 18591 2 nouveau,mxm_wmi tpm_tis 18209 0 thinkpad_acpi 69338 1 snd_seq_midi 13133 0 snd_rawmidi 25383 1 snd_seq_midi snd_seq_midi_event 14476 1 snd_seq_midi snd_seq 51281 2 snd_seq_midi,snd_seq_midi_event snd_timer 24412 2 snd_pcm,snd_seq snd_seq_device 14138 3 snd_seq_midi,snd_rawmidi,snd_seq snd 62146 21 snd_hda_codec_hdmi,snd_hda_codec_realtek,snd_hda_intel,snd_hda_codec,snd_hwdep,snd_pcm,thinkpad_acpi,snd_rawmidi,snd_seq,snd_timer,snd_seq_device soundcore 14600 1 snd nvram 13987 1 thinkpad_acpi video 18895 2 i915,nouveau mac_hid 13038 0 lp 13300 0 parport 40754 3 parport_pc,ppdev,lp rtsx_pci_sdmmc 17239 0 rtsx_pci 27093 2 rtsx_pci_ms,rtsx_pci_sdmmc r8169 55977 0 Quellcode 1 2 3 4 5 6 7 christian@christian-Lappy:~$ sudo iwlist scan [sudo] password for christian: wlan0 Interface doesn't support scanning : Network is down lo Interface doesn't support scanning. eth0 Interface doesn't support scanning. Quellcode 1 2 3 4 christian@christian-Lappy:~$ cat /etc/network/interfaces # interfaces(5) file used by ifup(8) and ifdown(8) auto lo iface lo inet loopback Quellcode 1 2 3 4 5 6 7 8 christian@christian-Lappy:~$ cat /etc/modules # /etc/modules: kernel modules to load at boot time. # # This file contains the names of kernel modules that should be loaded # at boot time, one per line. Lines beginning with \"#\" are ignored. loop lp außerdem passiert folgendes, wenn ich die hardware-taste benutze. ihr seht ja, was ich gemacht habe: # wenn der schalter einmal gedrückt wurde: Quellcode 1 2 3 4 5 6 7 8 9 10 christian@christian-Lappy:~$ rfkill list 0: tpacpi_bluetooth_sw: Bluetooth Soft blocked: no Hard blocked: no 2: phy0: Wireless LAN Soft blocked: no Hard blocked: yes 10: hci0: Bluetooth Soft blocked: no Hard blocked: no #nochmal gedrückt: Quellcode 1 2 3 4 5 6 7 8 christian@christian-Lappy:~$ rfkill list 0: tpacpi_bluetooth_sw: Bluetooth Soft blocked: yes Hard blocked: no 2: phy0: Wireless LAN Soft blocked: yes Hard blocked: yes christian@christian-Lappy:~$ ahnungslos, bitte um hilfe! p.s.: auch sudo rfkill für alle und für speziell das wlan haben bei schalter an und aus nicht geholfen!j Problem gelöst! Über das Bios -> WLAN einstellungen konnte man es aktivieren. Ich glaube jedoch, dass der sudo rfkill trotzdem nötig war, da ja auch ein software block für das wlan aktiv war. Dieser Beitrag wurde bereits 1 mal editiert, zuletzt von »noisiV92« (11.03.2013, 13:24) aus folgendem Grund: Lösung gefunden Zum Seitenanfang Benutzerinformationen überspringen praseodym User Beiträge: 682 Registrierungsdatum: 16.02.2010 Wohnort: Berlin Derivat: Xubuntu Architektur: 32-Bit PC Desktop: XFCE 2 14.03.2013, 12:44 Schau mal hier rein: http://wiki.ubuntuusers.de/rfkill#ThinkP…ard-blocked-yes Ist das eine (U)EFI-Installation? Edit: OMG: Lösungshinweis übersehen ;-) Was es alles gibt, das ich nicht brauche. (Aristoteles) COPY/PASTE funktioniert auch im Terminal Zum Seitenanfang Ähnliche Themen WLAN » hp630 WLAN kann nicht aktiviert werden (30.05.2012, 15:18) WLAN » [offen] Probleme mit Broadcom 4312 (23.12.2012, 19:56) WLAN » [gelöst] Lenovo S10-3s WLan inactive (29.10.2011, 23:05) WLAN » Ubuntu reagiert nicht auf WLAN-Schalter am Laptop (16.10.2011, 19:23) WLAN » WLan aktivieren? (31.07.2011, 10:22) Verwendete Tags aktivieren, einschalten, lenovo, Problem, s430, schalter, think pad, thinkpad, wlan, xubuntu Bitte wählen: ----------------------- News      Ubuntu News      Linux und OpenSource News Sammelsurium Betriebssystem(e)      Ubuntu          Installation und Upgrades              Vor der Installation              Probleme bei der Ubuntu-Installation              Upgrade-Probleme          Systemadministration              Programme installieren und entfernen                  Ubuntu-Paketverwaltung                  Manuelles Installieren von Programmen              Desktop- und Arbeitsumgebungen                  Unity-Forum                  GNOME-Forum                  KDE-Forum                  Xfce-Forum                  Compiz                  Andere Fenstermanager und Arbeitsumgebungen              X-Server              Partitionen und Dateisysteme                  Netzwerk-Dateisysteme                  Verschlüsselte Systeme              CUPS              Rechte- und Benutzerverwaltung              Kernel-Angelegenheiten              Sonstige Systemprogramme und Administrationsprobleme          Sicherheit unter Linux              Virenschutz              Rootkits und Spyware              Kryptografie und verschlüsselte Dateisysteme              Sonstige Fragen zur Sicherheit          Unstable Ubuntu      Andere Betriebssysteme      Bootmanager          Bitte lesen: Welche Informationen sollte ich liefern?      Virtuelle Maschinen, Wine, Emulatoren und Simulatoren          VirtualBox          VMWare          Andere Virtualisierungslösungen          Wine und Crossover          Emulatoren und Simulatoren Hardware      Netzwerk+Internet - Einrichtung und Konfiguration          LAN              Bitte lesen: Welche Informationen sollte ich liefern?          WLAN              Bitte lesen: Welche Informationen sollte ich liefern?          Internet stationär          Internet mobil          Sonstige technische Themen      Interne Laufwerke      Externe Laufwerke und USB Sticks      Eingabegeräte      Sound          Bitte lesen: Welche Informationen sollte ich liefern?      Grafikkarten          NVIDIA          ATI (AMD)          INTEL          Andere Hersteller      TV-Karten      Drucker          Netzwerkdrucker          CUPS      Scanner      Kameras      MP3-Player      Sonstige Hardware      Notebooks & PDAs          Netbooks Software      Netzwerk+Internet - Anwendungen          Kommunikation          Browser          Server, Fernzugriff und verteilte Dateisysteme          Überwachung + Sicherheit          Sonstige Netzwerkanwendungen      Multimedia          Multimedia Player          Videobearbeitung          Audiobearbeitung          Sonstige multimediale Anwendungen und Probleme      Grafikprogramme          Grafikbearbeitung          Bilder-Verwaltung          Sonstige Grafikprogramme      Spiele          Spiele für Linux          Spiele für andere Betriebssysteme      Office-Anwendungen          Büroprogramme          Homebanking          Sonstige Büroanwendungen      Backup, Restore und Recovery      Terminal      Softwaresammelsurium          Software-Vorstellungen      Softwareentwicklung Weitere Themen      Sonstige Probleme      Projekte      Hardware-Beratung Regionale Usertreffen      Norddeutschland          Schleswig-Holstein          Mecklenburg-Vorpommern          Niedersachsen          Hamburg          Bremen      Westdeutschland          Nordrhein-Westfalen          Hessen          Rheinland-Pfalz          Saarland      Ostdeutschland          Berlin          Brandenburg          Sachsen-Anhalt          Sachsen          Thüringen      Süddeutschland          Bayern          Baden-Württemberg      Österreich      Schweiz Archiv      Unstable Archiv          Ubuntu 14.04 - Trusty Tahr          Ubuntu 13.10 - Saucy Salamander          Ubuntu 13.04 - Raring Ringtail          Unstable Ubuntu - Quantal Quetzal          Unstable Ubuntu - Precise Pangolin          Unstable Ubuntu - Oneiric Ocelot          Unstable Ubuntu - Natty Narwhal          Unstable Ubuntu - Maverick Meerkat          Unstable Ubuntu - Lucid Lynx          Unstable Ubuntu - Karmic Koala          Unstable Ubuntu - Jaunty Jackalope          Unstable Ubuntu - Intrepid Ibex          Unstable Ubuntu - Hardy Heron          Ältere Beiträge      Daemonen&Magier - Archiv      Spiele-Archiv      Netzwerk- und Internet-Archiv      Hardware-Archiv      Windowmanager-Archiv      Office-Archiv      Multimedia-Archiv      Anfängerprobleme-Archiv      Paketverwaltung - Archiv   Sponsorenwerbung: Hardware, Computer, PCs, Notebooks & Laptops mit Linux   Hilfe Impressum Nutzungsbestimmungen 04.07.2014, 13:24 Zum Seitenanfang Forensoftware: Burning Board®, entwickelt von WoltLab® GmbH Individuelle Notebooks Laptops - Individuelle Computer PCs - Linux Computer Computer Forum - Lastminute -  Ubuntu Linux -  Abmahnung -  Linux Brillen  Branchenverzeichnis -  Geek und Nerd Shirt Shop -  T-Shirts -  Netgear WLAN Router  Wasserbetten & Whirlpools -  Linux Paintball Markierer  - Beamer Notebook Verleih Bayreuth - cheap prom dresses - Druckerpatronen für HP Dauerhaft angemeldet bleiben? ","title":"[gelöst] WLAN Multi Schalter Lenovo Think Pad Edge S430  - WLAN - Ubuntu-Forum & Kubuntu-Forum | www.Ubuntu-Forum.de","desc":"Forum rund um Ubuntu, Kubuntu, Xubuntu  mit schneller, freundlicher und kompetenter Hilfe von Anwendern für Anwender","details":{"length":14225,"language":"de","date":"2014/10/31 16:18:35","type":"application/xhtml+xml","country":""},"crawling":{"duration":"1","date":"2014/10/31 16:18:35"},"metas":[{"name":"description","value":"Forum rund um Ubuntu, Kubuntu, Xubuntu  mit schneller, freundlicher und kompetenter Hilfe von Anwendern für Anwender"},{"name":"keywords","value":"Ubuntu, Kubuntu, Xubuntu, Edubuntu, Mythbuntu, Forum, Hilfe, Fragen, Probleme"}],"uri":{"protocol":"http","domain":"de.ubuntu-forum.","url":"http://ubuntu-forum.de/artikel/61390/wlan-multi-schalter-lenovo-think-pad-edge-s430.html?s=c12b53a5c459ebacdfc347218dfac12856c032d9"}}},{"_index":"de_content_201410","_type":"resourceQ","_id":"http://shop.besieroehling.de/foto-zubehor/anderes-zubehor/adapter/hama-filter-adapterring-objektiv-77-0-mm-filter-72-0-mm.html","_score":1.0, "_source" : {"body":" Hotline: 0611 / 78791190 Mein Konto / Registrieren Ihr Warenkorb 0 Ihr Warenkorb 0 Sie haben keine Artikel im Warenkorb. Besier Oehling GmbH Hersteller Kameras Kameratypen Kompaktkameras Spiegelreflex Systemkameras Actioncams Camcorder Speichermedien SD / SDHC / SDXC CompactFlash XQD Karten microSD Kartenlesegeräte Beleuchtung Blitzgeräte Lichtformer & Reflektoren Transmitter & Blitzfernauslöser LED-Leuchten Stromversorgung Akkus & Batterien Ladegeräte Taschen Kamera Taschen Umhängetaschen Rucksäcke Tragegurte Objektive Nach Hersteller Leica Zeiss Canon Nikon Pentax Tamron Sigma Olympus Panasonic Samsung Sony Fuji Tokina Kenko Phottix Geeignet für Leica Canon Canon EOS-M-System Nikon Nikon 1-System Pentax Sigma Four Thirds Micro Four Thirds Samsung NX Sony Sony NEX Fuji X Serie Zubehör Gegenlichtblenden & Deckel Filter Vorsätze Konverter Zwischenringe Objektivköcher Reinigung & Pflege Zubehör Filter UV-Filter Schutz-Filter Pol-Filter Skylight-Filter UV Slim-Filter Pol Slim-Filter Schutz Slim-Filter Effekt-Filter Blitz & Beleuchtung Blitzgeräte Lichtformer & Reflektoren Transmitter & Blitzfernauslöser LED-Leuchten Videoleuchten Studioblitz Mini-Studios Halogenleuchten Studiozubehör Speicherkarten SD / SDHC / SDXC CompactFlash XQD Karten microSD USB-Speicher Kartenlesegeräte Karten Aufbewahrung und Organisation Stative Einbeinstative Kleinstative Fotostative Fotostativ-Sets Kugelköpfe 3-Wege-Neiger Panoramaköpfe Videostative Videostativ-Sets Videoköpfe Stativzubehör Transport Kamera Taschen Umhängetaschen Rucksäcke Rollkoffer Objektivköcher Etuis Videotaschen Toploader Tragegurte Drucker & Scanner Tintenstrahldrucker Kompakte Fotodrucker Tinte Papier Schneidemaschinen Scanner Sportoptik Ferngläser Spektive Weiteres Zubehör Fernbedienung Sucherzubehör Mikrofone/Kopfhörer Monitorschutz Handgriffe GPS Wireless LAN Adapter Adapter Kabel (HDMI, AV, USB, etc.) Action Cam Zubehör Reinigung + Pflege Belichtungsmesser Software + DVD Digitale Bilderrahmen Diafilme Diazubehör Vorsätze Unterwassergehäuse Stromversorgung Akkus & Batterien Ladegeräte 2nd Hand Restposten Startseite » Foto-Zubehör » Anderes Zubehör » Adapter » Hama Filter-Adapterring, Objektiv 77,0 mm/Filter 72,0 mm Hama Filter-Adapterring, Objektiv 77,0 mm/Filter 72,0 mm 34,00 € inkl. 19% MwSt. Standardversand in DE kostenfrei Weitere Versandkosten Lieferzeit grün2 X In den Warenkorb Lieferzeit: lagernd, versandfertig in 2-4 Werktagen Art. Nr.: 00017772 Wunschzettel Empfehlen Weitere Details Beschreibung Technische Daten Kundenmeinungen - zur Anpassung von Filtern und anderen Vorsätzen mit einem Durchmesser von 72 mm an Objektive mit einem Durchmesser von 77 mm - Adapter für alle Objektive und Vorsätze mit Schraubgewinde - Präzisions-Ringe aus Metall mit mattschwarzer Oberfläche Verbraucherhinweis: Kleine Filter an großen Objektiven können Vignettierungen ergeben, besonders bei hoher Lichtstärke und Weitwinkel Technische Eigenschaften: - Adaptergewinde: 72 mm - Adaptergewinde Typ: Schraubfassung - Kamera-/Objektivgewinde: 77 mm - Kamera-/Objektivgewinde Typ: Schraubfassung - Farbe: Schwarz Lieferumfang: - 1 Filter-Adapterring Adaptergewinde: 72 mm, Adaptergewinde Typ: Schraubfassung, Kamera-/Objektivgewinde: 77 mm, Kamera-/Objektivgewinde Typ: Schraubfassung, Farbe: Schwarz Sie bewerten den Artikel: Hama Filter-Adapterring, Objektiv 77,0 mm/Filter 72,0 mm   1 Stern 2 Sterne 3 Sterne 4 Sterne 5 Sterne Preis Produktqualität *Spitzname *Zusammenfassung Ihrer Kundenmeinung *Kundenmeinung Kundenmeinung abschicken Das folgende Produkt wurde Ihrem Warenkorb hinzugefügt: Hama Filter-Adapterring, Objektiv 77,0 mm/Filter 72,0 mm Weiter einkaufen Zum Warenkorb Kunden-Hotline Beratung & Bestellung Telefon: 0611 / 78791190 Mo-Do 9-16.30 Uhr und Fr 9-15 Uhr   Geschäftskunden Telefon: 0611 / 78791160 Mo-Do 8-16, Fr 8-15 Uhr Zahlungsmethoden Kundenservice Kamera-Schutzbrief Hotlines & Kontakt Versandkosten So wird bestellt Abholung Zahlungsarten Datenschutz Widerrufsrecht Besier Oehling Das Unternehmen Workshops Minikina Filialen Jobs Unsere AGB Impressum Sicher Bezahlen Newsletter Bleiben Sie immer informiert, mit dem BO-Newsletter Copyright © 2013 BESIER OEHLING ","title":"Hama Filter-Adapterring, Objektiv 77,0 mm/Filter 72,0 mm - Adapter - Anderes Zubehör - Foto-Zubehör","desc":"- zur Anpassung von Filtern und anderen Vorsätzen mit einem Durchmesser von 72 mm an Objektive mit einem Durchmesser von 77 mm ,- Adapter für alle Objektive und Vorsätze mit Schraubgewinde ,- Präzisions-Ringe aus Metall mit mattschwarzer Oberfläche , ,Ver","details":{"length":4177,"language":"de","date":"2014/10/31 16:18:37","type":"application/xhtml+xml","country":""},"crawling":{"duration":"1","date":"2014/10/31 16:18:37"},"metas":[{"name":"description","value":"- zur Anpassung von Filtern und anderen Vorsätzen mit einem Durchmesser von 72 mm an Objektive mit einem Durchmesser von 77 mm ,- Adapter für alle Objektive und Vorsätze mit Schraubgewinde ,- Präzisions-Ringe aus Metall mit mattschwarzer Oberfläche , ,Ver"},{"name":"keywords","value":"Hama Filter-Adapterring, Objektiv 77,0 mm/Filter 72,0 mm"},{"name":"robots","value":"INDEX,FOLLOW"}],"uri":{"protocol":"http","domain":"de.besieroehling.shop.","url":"http://shop.besieroehling.de/foto-zubehor/anderes-zubehor/adapter/hama-filter-adapterring-objektiv-77-0-mm-filter-72-0-mm.html"}}},{"_index":"de_content_201410","_type":"resourceQ","_id":"http://ergebnis-star.de/phpbb/viewtopic.php?f=86&p=4&sid=fd705b1836536942676dff0edf4f26e2&t=4","_score":1.0, "_source" : {"body":" Ergebnis-Star Fußballergebnisse und Spielberichte aus dem FVM zum Inhalt erweiterte Suche Foren-Übersicht ‹ Regeln Ändere Schriftgröße Druckansicht News FAQ registrieren anmelden Warum das Ganze? Antwort erstellen 1 Beitrag • Seite 1 von 1 Warum das Ganze? von admin » 03.02.2013, 18:36 Damals schrieb ich zur ersten Fassung von Ergebnis-Star: \" Es ist doch eigentlich bei jedem Trainer (und Spieler) so, daß er möglichst direkt nach Spielende die anderen Ergebnisse seiner Staffel wissen möchte, um direkt eine aktuelle Tabelle ausrechnen zu können.\" Bei uns im Kreis Köln gab es eine sensationell gute Zeitung namens “LigaStar”, die jeden Mittwoch erschien und alle Tabellen des Kreises Köln (Senioren und Junioren) beinhaltete. Da diese Zeitung (leider) irgendwann eingestellt wurde, gibt es nunmehr keine Möglichkeit mehr, Spielberichte zu den Spielen nachzulesen. Mit diesem Forum soll das nun möglich sein. Aber wir alle sind uns einig, daß das Ganze hier nur funktionieren kann, wenn sich jeder regelmäßig daran beteiligt. Wer hier nur Ergebnisse oder Spielberichte lesen will, aber selber keine einträgt, wird zwar nicht ertappt werden. Aber das kann nicht im Sinne des Erfinders liegen. Die Ergebnisse kann man zwar mittlerweile bei fussball.de nachlesen – und das aufgrund des Spielberichts online sogar relativ fix. Aber das Salz in der Suppe sind doch immer noch die Spielberichte, oder? admin Administrator   Beiträge: 93 registriert: 01.02.2013, 19:41 hat sich bedankt: 2 mal bedankt: 0 mal Verein: ohne nach oben Antwort erstellen 1 Beitrag • Seite 1 von 1 zurück zu Regeln gehe zu: Wähle ein Forum aus ------------------    Regeln Wer ist online? Mitglieder in diesem Forum: 0 Mitglieder und 1 Gast Foren-Übersicht Das Team • alle Cookies des Boards löschen • alle Zeiten sind UTC + 1 Stunde powered by phpBB® Forum Software © phpBB Group Deutsche Übersetzung durch phpBB.de ","title":"Ergebnis-Star • Thema anzeigen - Warum das Ganze?","desc":null,"details":{"length":1892,"language":"de","date":"2014/10/31 16:18:35","type":"application/xhtml+xml","country":""},"crawling":{"duration":"1","date":"2014/10/31 16:18:35"},"metas":[{"name":"resource-type","value":"document"},{"name":"distribution","value":"global"},{"name":"keywords","value":""},{"name":"description","value":""}],"uri":{"protocol":"http","domain":"de.ergebnis-star.","url":"http://ergebnis-star.de/phpbb/viewtopic.php?f=86&p=4&sid=fd705b1836536942676dff0edf4f26e2&t=4"}}},{"_index":"de_content_201410","_type":"resourceQ","_id":"http://forum.erazorsland.de/index.php?page=thread&pageno=83&s=e7fe422f73237a0f7b6ca5bc73a3f50901cf3911&threadid=356","_score":1.0, "_source" : {"body":" Zum Seiteninhalt springen Du bist nicht angemeldet. Anmelden Galerie Sprache ändern Deutsch (Anrede »Du«) Portugiesisch (Brasilien) Ungelesene Beiträge Unbeantwortete Themen Themen der letzten 24 Stunden Erweiterte Suche E-Land V4 Portal Forum Mitglieder Galerie E-Land V4 » Off Topic » Sonstiges » Archiv » Die Unendliche Geschichte!!! Lieber Besucher, herzlich willkommen bei: E-Land V4. Falls dies dein erster Besuch auf dieser Seite ist, lies bitte die Hilfe durch. Dort wird dir die Bedienung dieser Seite näher erläutert. Darüber hinaus solltest du dich registrieren, um alle Funktionen dieser Seite nutzen zu können. Benutze das Registrierungsformular, um dich zu registrieren oder informiere dich ausführlich über den Registrierungsvorgang. Falls du dich bereits zu einem früheren Zeitpunkt registriert hast, kannst du dich hier anmelden. 1 … 2 6 10 14 18 22 26 30 34 38 42 46 50 54 58 62 66 70 74 78 81 82 83 84 85 86 87 Benutzerinformationen überspringen Perry Dhalgren Killerspielespieler Beiträge: 3 355 Wohnort: Nähe Hamburg 1 641 12.05.2005, 14:04 Daher gab es ja von Pocher auch diese Verarschungswerbung, wo für diverse Produkte aus der Palette von Mircosoft geworben wurde, die allerdings komplett überteuert waren. Daher bekam Pocher ein Mahnverfahren an den Hals, das eine saftige Geldstrafe zur Folge hatte. Nun, damit war er natürlich nicht zufrieden und warf ein, dass er doch lediglich Geld verdienen, aber keins ausgeben wollte. Dem Richter interessierte das aber nicht, daher konnte er reden was er wollte. Das gute Gesetz sprach ihm entgegen. Daraufhin nahm Pocher seinen ganzen Mut zusammen und schlug die Seite im Gesetz auf, die im Allgemeinen von Richtern und Anwälten wie die Pest gemieden wurde - die Seite, auf der man sich nicht nur informieren, sondern gleichzeitig auch eigentlich nur gewinnen konnte - ja, er schlug sie auf und las vor: \"Mechmet achlach Lachmet\". Damit konnte er natürlich nichts anfangen, daher lachten die Richter erstmal. Doch es handelte sich dabei um einen gar fiesen und gemeinen Zauberspruch: Alle im Saal Anwesenden waren von Pocher´s Kunst verzaubert und wurden so zu wunderschönen Playboy-Girlies. Pocher bekam zuerst große Augen und dann lief er schreiend aus dem Saal. Meikk Meikkinson, der diensthabende Wachpolizist musste seine ganze Kraft aufwänden, um den kleinen, flinken Burschen, der ihm da zu entkommen drohte, wieder unter seine Fittiche zu bringen. Es gelang ihm aber letztenendes doch problemlos, somit konnte er ihn mit Handschellen gefesselt und mit einem speziellen Knebel geknebelt, mit welchem er sich schnell die Mundwinkel aufschnitt und blutend blubberte: \"Wer hat an der Uhr gedreht\". Leider konnte das keiner verstehen, daher klopfte der Richter mit seinem Hammer auf den Kopf des Kerls - das tat diesem nicht so gut, daher blubberte und Pocherte er noch mehr. Das wiederum führte dazu, das Bürger der \"City of Xebec's Demise\" (Level 11, 590.000 Exp. 108 HP) Amiga-Version Zum Seitenanfang Benutzerinformationen überspringen Sir Erazor Woodd dhe foggkh?! Beiträge: 9 714 Wohnort: Landau / Bayern Danksagungen: 5 1 642 18.05.2005, 12:18 Nun, damit war er natürlich nicht zufrieden und warf ein, dass er doch lediglich Geld verdienen, aber keins ausgeben wollte. Dem Richter interessierte das aber nicht, daher konnte er reden was er wollte. Das gute Gesetz sprach ihm entgegen. Daraufhin nahm Pocher seinen ganzen Mut zusammen und schlug die Seite im Gesetz auf, die im Allgemeinen von Richtern und Anwälten wie die Pest gemieden wurde - die Seite, auf der man sich nicht nur informieren, sondern gleichzeitig auch eigentlich nur gewinnen konnte - ja, er schlug sie auf und las vor: \"Mechmet achlach Lachmet\". Damit konnte er natürlich nichts anfangen, daher lachten die Richter erstmal. Doch es handelte sich dabei um einen gar fiesen und gemeinen Zauberspruch: Alle im Saal Anwesenden waren von Pocher´s Kunst verzaubert und wurden so zu wunderschönen Playboy-Girlies. Pocher bekam zuerst große Augen und dann lief er schreiend aus dem Saal. Meikk Meikkinson, der diensthabende Wachpolizist musste seine ganze Kraft aufwänden, um den kleinen, flinken Burschen, der ihm da zu entkommen drohte, wieder unter seine Fittiche zu bringen. Es gelang ihm aber letztenendes doch problemlos, somit konnte er ihn mit Handschellen gefesselt und mit einem speziellen Knebel geknebelt, mit welchem er sich schnell die Mundwinkel aufschnitt und blutend blubberte: \"Wer hat an der Uhr gedreht\". Leider konnte das keiner verstehen, daher klopfte der Richter mit seinem Hammer auf den Kopf des Kerls - das tat diesem nicht so gut, daher blubberte und Pocherte er noch mehr. Das wiederum führte dazu, dass es ein Ende fand. ---- Gedankensprung --- Zu einer anderen Zeit, auf einem anderen Planeten. Man sah, wie die Sterne ineinander verschmolzen, man konnte es förmlich riechen, wie die Atmosphäre schwand. Was sollte man tun, fragten sich die Meisten, was nur, Keine Signatur! Zum Seitenanfang Benutzerinformationen überspringen Perry Dhalgren Killerspielespieler Beiträge: 3 355 Wohnort: Nähe Hamburg 1 643 18.05.2005, 12:43 Zu einer anderen Zeit, auf einem anderen Planeten. Man sah, wie die Sterne ineinander verschmolzen, man konnte es förmlich riechen, wie die Atmosphäre schwand. Was sollte man tun, fragten sich die Meisten, was nur, doch Aragorn schaute Gimli nur entsetzt an, als dieser die Pumpgun Bürger der \"City of Xebec's Demise\" (Level 11, 590.000 Exp. 108 HP) Amiga-Version Zum Seitenanfang Benutzerinformationen überspringen Bad Angel :F Beiträge: 120 Wohnort: Landau/Bayern 1 644 18.05.2005, 16:26 Zu einer anderen Zeit, auf einem anderen Planeten. Man sah, wie die Sterne ineinander verschmolzen, man konnte es förmlich riechen, wie die Atmosphäre schwand. Was sollte man tun, fragten sich die Meisten, was nur, doch Aragorn schaute Gimli nur entsetzt an, als dieser die Pumpgun aus Legolas´s Satteltasche holte sie ihm in die Hand drückte und sagte: Das Leben wäre viel einfacher, wenn es nicht so schwer wäre!!! Zum Seitenanfang Benutzerinformationen überspringen Sir Erazor Woodd dhe foggkh?! Beiträge: 9 714 Wohnort: Landau / Bayern Danksagungen: 5 1 645 18.05.2005, 19:04 Zu einer anderen Zeit, auf einem anderen Planeten. Man sah, wie die Sterne ineinander verschmolzen, man konnte es förmlich riechen, wie die Atmosphäre schwand. Was sollte man tun, fragten sich die Meisten, was nur, doch Aragorn schaute Gimli nur entsetzt an, als dieser die Pumpgun aus Legolas´s Satteltasche holte sie ihm in die Hand drückte und sagte: \"Astalavista, Aragorn!\" und diesen in die Spielewelt von \"zensierter Shooter\" schickte. Aragorn, der ja letztlich nur Pfeil und Bogen, als höchstes der Gefühle mal \"Feuerbälle\" oder ähnliches magisches Kram gewohnt war, war erst völlig perplex, woher sein Freund denn dieses Bummbummding hätte und wusste gar nicht so recht, was er denn damit anfangen sollte. Keine Signatur! Zum Seitenanfang Benutzerinformationen überspringen Perry Dhalgren Killerspielespieler Beiträge: 3 355 Wohnort: Nähe Hamburg 1 646 19.05.2005, 05:48 Zu einer anderen Zeit, auf einem anderen Planeten. Man sah, wie die Sterne ineinander verschmolzen, man konnte es förmlich riechen, wie die Atmosphäre schwand. Was sollte man tun, fragten sich die Meisten, was nur, doch Aragorn schaute Gimli nur entsetzt an, als dieser die Pumpgun aus Legolas´s Satteltasche holte sie ihm in die Hand drückte und sagte: \"Astalavista, Aragorn!\" und diesen in die Spielewelt von \"zensierter Shooter\" schickte. Aragorn, der ja letztlich nur Pfeil und Bogen, als höchstes der Gefühle mal \"Feuerbälle\" oder ähnliches magisches Kram gewohnt war, war erst völlig perplex, woher sein Freund denn dieses Bummbummding hätte und wusste gar nicht so recht, was er denn damit anfangen sollte. Erst, nachdem er dreimal in den Lauf geschaut hatte und nichts passierte, drückte er den Abzugshahn. Es machte Bürger der \"City of Xebec's Demise\" (Level 11, 590.000 Exp. 108 HP) Amiga-Version Zum Seitenanfang Benutzerinformationen überspringen Sir Erazor Woodd dhe foggkh?! Beiträge: 9 714 Wohnort: Landau / Bayern Danksagungen: 5 1 647 19.05.2005, 07:41 Zu einer anderen Zeit, auf einem anderen Planeten. Man sah, wie die Sterne ineinander verschmolzen, man konnte es förmlich riechen, wie die Atmosphäre schwand. Was sollte man tun, fragten sich die Meisten, was nur, doch Aragorn schaute Gimli nur entsetzt an, als dieser die Pumpgun aus Legolas´s Satteltasche holte sie ihm in die Hand drückte und sagte: \"Astalavista, Aragorn!\" und diesen in die Spielewelt von \"zensierter Shooter\" schickte. Aragorn, der ja letztlich nur Pfeil und Bogen, als höchstes der Gefühle mal \"Feuerbälle\" oder ähnliches magisches Kram gewohnt war, war erst völlig perplex, woher sein Freund denn dieses Bummbummding hätte und wusste gar nicht so recht, was er denn damit anfangen sollte. Erst, nachdem er dreimal in den Lauf geschaut hatte und nichts passierte, drückte er den Abzugshahn. Es machte Platsch und ein Gegner, der über ihm an der Decke gehangen hatte, flog Splatterbahnen ziehend zu Boden. Nachdem Ara nochmal gedrückt hatte, machte es pluuuuuff und der zweite Gegner ging getroffen in den Pixelhimmel. Multikill! Keine Signatur! Zum Seitenanfang Benutzerinformationen überspringen Perry Dhalgren Killerspielespieler Beiträge: 3 355 Wohnort: Nähe Hamburg 1 648 19.05.2005, 08:10 Zu einer anderen Zeit, auf einem anderen Planeten. Man sah, wie die Sterne ineinander verschmolzen, man konnte es förmlich riechen, wie die Atmosphäre schwand. Was sollte man tun, fragten sich die Meisten, was nur, doch Aragorn schaute Gimli nur entsetzt an, als dieser die Pumpgun aus Legolas´s Satteltasche holte sie ihm in die Hand drückte und sagte: \"Astalavista, Aragorn!\" und diesen in die Spielewelt von \"zensierter Shooter\" schickte. Aragorn, der ja letztlich nur Pfeil und Bogen, als höchstes der Gefühle mal \"Feuerbälle\" oder ähnliches magisches Kram gewohnt war, war erst völlig perplex, woher sein Freund denn dieses Bummbummding hätte und wusste gar nicht so recht, was er denn damit anfangen sollte. Erst, nachdem er dreimal in den Lauf geschaut hatte und nichts passierte, drückte er den Abzugshahn. Es machte Platsch und ein Gegner, der über ihm an der Decke gehangen hatte, flog Splatterbahnen ziehend zu Boden. Nachdem Ara nochmal gedrückt hatte, machte es pluuuuuff und der zweite Gegner ging getroffen in den Pixelhimmel. Multikill! Gimli und Legolas, welche daneben gestanden hatte, schauten erstaunt auf Aragorn, welcher sich wirklich gut geschlagen hatte. \"Probier diese mal\" sagte Gimli und gab Aragorn eine Bürger der \"City of Xebec's Demise\" (Level 11, 590.000 Exp. 108 HP) Amiga-Version Zum Seitenanfang Benutzerinformationen überspringen Sir Erazor Woodd dhe foggkh?! Beiträge: 9 714 Wohnort: Landau / Bayern Danksagungen: 5 1 649 19.05.2005, 13:09 Zu einer anderen Zeit, auf einem anderen Planeten. Man sah, wie die Sterne ineinander verschmolzen, man konnte es förmlich riechen, wie die Atmosphäre schwand. Was sollte man tun, fragten sich die Meisten, was nur, doch Aragorn schaute Gimli nur entsetzt an, als dieser die Pumpgun aus Legolas´s Satteltasche holte sie ihm in die Hand drückte und sagte: \"Astalavista, Aragorn!\" und diesen in die Spielewelt von \"zensierter Shooter\" schickte. Aragorn, der ja letztlich nur Pfeil und Bogen, als höchstes der Gefühle mal \"Feuerbälle\" oder ähnliches magisches Kram gewohnt war, war erst völlig perplex, woher sein Freund denn dieses Bummbummding hätte und wusste gar nicht so recht, was er denn damit anfangen sollte. Erst, nachdem er dreimal in den Lauf geschaut hatte und nichts passierte, drückte er den Abzugshahn. Es machte Platsch und ein Gegner, der über ihm an der Decke gehangen hatte, flog Splatterbahnen ziehend zu Boden. Nachdem Ara nochmal gedrückt hatte, machte es pluuuuuff und der zweite Gegner ging getroffen in den Pixelhimmel. Multikill! Gimli und Legolas, welche daneben gestanden hatte, schauten erstaunt auf Aragorn, welcher sich wirklich gut geschlagen hatte. \"Probier diese mal\" sagte Gimli und gab Aragorn eine neue Waffe, die dieser noch nicht kannte. Er packte sie und schoß, das Resultat war, dass Keine Signatur! Zum Seitenanfang Benutzerinformationen überspringen Perry Dhalgren Killerspielespieler Beiträge: 3 355 Wohnort: Nähe Hamburg 1 650 19.05.2005, 13:40 Zu einer anderen Zeit, auf einem anderen Planeten. Man sah, wie die Sterne ineinander verschmolzen, man konnte es förmlich riechen, wie die Atmosphäre schwand. Was sollte man tun, fragten sich die Meisten, was nur, doch Aragorn schaute Gimli nur entsetzt an, als dieser die Pumpgun aus Legolas´s Satteltasche holte sie ihm in die Hand drückte und sagte: \"Astalavista, Aragorn!\" und diesen in die Spielewelt von \"zensierter Shooter\" schickte. Aragorn, der ja letztlich nur Pfeil und Bogen, als höchstes der Gefühle mal \"Feuerbälle\" oder ähnliches magisches Kram gewohnt war, war erst völlig perplex, woher sein Freund denn dieses Bummbummding hätte und wusste gar nicht so recht, was er denn damit anfangen sollte. Erst, nachdem er dreimal in den Lauf geschaut hatte und nichts passierte, drückte er den Abzugshahn. Es machte Platsch und ein Gegner, der über ihm an der Decke gehangen hatte, flog Splatterbahnen ziehend zu Boden. Nachdem Ara nochmal gedrückt hatte, machte es pluuuuuff und der zweite Gegner ging getroffen in den Pixelhimmel. Multikill! Gimli und Legolas, welche daneben gestanden hatte, schauten erstaunt auf Aragorn, welcher sich wirklich gut geschlagen hatte. \"Probier diese mal\" sagte Gimli und gab Aragorn eine neue Waffe, die dieser noch nicht kannte. Er packte sie und schoß, das Resultat war, dass nicht nur ein Ork davon umfiel, sondern eine ganze Reihe, welche sich im Explosionsradius des MCL6000er befanden. Aragorn freute sich so, das er den Abzug Bürger der \"City of Xebec's Demise\" (Level 11, 590.000 Exp. 108 HP) Amiga-Version Zum Seitenanfang Benutzerinformationen überspringen Sir Erazor Woodd dhe foggkh?! Beiträge: 9 714 Wohnort: Landau / Bayern Danksagungen: 5 1 651 19.05.2005, 16:04 Zu einer anderen Zeit, auf einem anderen Planeten. Man sah, wie die Sterne ineinander verschmolzen, man konnte es förmlich riechen, wie die Atmosphäre schwand. Was sollte man tun, fragten sich die Meisten, was nur, doch Aragorn schaute Gimli nur entsetzt an, als dieser die Pumpgun aus Legolas´s Satteltasche holte sie ihm in die Hand drückte und sagte: \"Astalavista, Aragorn!\" und diesen in die Spielewelt von \"zensierter Shooter\" schickte. Aragorn, der ja letztlich nur Pfeil und Bogen, als höchstes der Gefühle mal \"Feuerbälle\" oder ähnliches magisches Kram gewohnt war, war erst völlig perplex, woher sein Freund denn dieses Bummbummding hätte und wusste gar nicht so recht, was er denn damit anfangen sollte. Erst, nachdem er dreimal in den Lauf geschaut hatte und nichts passierte, drückte er den Abzugshahn. Es machte Platsch und ein Gegner, der über ihm an der Decke gehangen hatte, flog Splatterbahnen ziehend zu Boden. Nachdem Ara nochmal gedrückt hatte, machte es pluuuuuff und der zweite Gegner ging getroffen in den Pixelhimmel. Multikill! Gimli und Legolas, welche daneben gestanden hatte, schauten erstaunt auf Aragorn, welcher sich wirklich gut geschlagen hatte. \"Probier diese mal\" sagte Gimli und gab Aragorn eine neue Waffe, die dieser noch nicht kannte. Er packte sie und schoß, das Resultat war, dass nicht nur ein Ork davon umfiel, sondern eine ganze Reihe, welche sich im Explosionsradius des MCL6000er befanden. Aragorn freute sich so, das er den Abzug gleich nochmal abdrückte. Leider war diesmal Gimli im Weg - Zwerge sind hart im Nehmen, klare Sache, aber es ist nunmal so, dass Keine Signatur! Zum Seitenanfang Benutzerinformationen überspringen Bad Angel :F Beiträge: 120 Wohnort: Landau/Bayern 1 652 19.05.2005, 20:08 Zu einer anderen Zeit, auf einem anderen Planeten. Man sah, wie die Sterne ineinander verschmolzen, man konnte es förmlich riechen, wie die Atmosphäre schwand. Was sollte man tun, fragten sich die Meisten, was nur, doch Aragorn schaute Gimli nur entsetzt an, als dieser die Pumpgun aus Legolas´s Satteltasche holte sie ihm in die Hand drückte und sagte: \"Astalavista, Aragorn!\" und diesen in die Spielewelt von \"zensierter Shooter\" schickte. Aragorn, der ja letztlich nur Pfeil und Bogen, als höchstes der Gefühle mal \"Feuerbälle\" oder ähnliches magisches Kram gewohnt war, war erst völlig perplex, woher sein Freund denn dieses Bummbummding hätte und wusste gar nicht so recht, was er denn damit anfangen sollte. Erst, nachdem er dreimal in den Lauf geschaut hatte und nichts passierte, drückte er den Abzugshahn. Es machte Platsch und ein Gegner, der über ihm an der Decke gehangen hatte, flog Splatterbahnen ziehend zu Boden. Nachdem Ara nochmal gedrückt hatte, machte es pluuuuuff und der zweite Gegner ging getroffen in den Pixelhimmel. Multikill! Gimli und Legolas, welche daneben gestanden hatte, schauten erstaunt auf Aragorn, welcher sich wirklich gut geschlagen hatte. \"Probier diese mal\" sagte Gimli und gab Aragorn eine neue Waffe, die dieser noch nicht kannte. Er packte sie und schoß, das Resultat war, dass nicht nur ein Ork davon umfiel, sondern eine ganze Reihe, welche sich im Explosionsradius des MCL6000er befanden. Aragorn freute sich so, das er den Abzug gleich nochmal abdrückte. Leider war diesmal Gimli im Weg - Zwerge sind hart im Nehmen, klare Sache, aber es ist nunmal so, dass nicht mal Gimli so einen Schuss einfach so wegsteckt ohne wüntend zu werden!!! Darum riss er Aragorn das Teil aus der Hand und Das Leben wäre viel einfacher, wenn es nicht so schwer wäre!!! Zum Seitenanfang Benutzerinformationen überspringen Sir Erazor Woodd dhe foggkh?! Beiträge: 9 714 Wohnort: Landau / Bayern Danksagungen: 5 1 653 19.05.2005, 20:46 Zu einer anderen Zeit, auf einem anderen Planeten. Man sah, wie die Sterne ineinander verschmolzen, man konnte es förmlich riechen, wie die Atmosphäre schwand. Was sollte man tun, fragten sich die Meisten, was nur, doch Aragorn schaute Gimli nur entsetzt an, als dieser die Pumpgun aus Legolas´s Satteltasche holte sie ihm in die Hand drückte und sagte: \"Astalavista, Aragorn!\" und diesen in die Spielewelt von \"zensierter Shooter\" schickte. Aragorn, der ja letztlich nur Pfeil und Bogen, als höchstes der Gefühle mal \"Feuerbälle\" oder ähnliches magisches Kram gewohnt war, war erst völlig perplex, woher sein Freund denn dieses Bummbummding hätte und wusste gar nicht so recht, was er denn damit anfangen sollte. Erst, nachdem er dreimal in den Lauf geschaut hatte und nichts passierte, drückte er den Abzugshahn. Es machte Platsch und ein Gegner, der über ihm an der Decke gehangen hatte, flog Splatterbahnen ziehend zu Boden. Nachdem Ara nochmal gedrückt hatte, machte es pluuuuuff und der zweite Gegner ging getroffen in den Pixelhimmel. Multikill! Gimli und Legolas, welche daneben gestanden hatte, schauten erstaunt auf Aragorn, welcher sich wirklich gut geschlagen hatte. \"Probier diese mal\" sagte Gimli und gab Aragorn eine neue Waffe, die dieser noch nicht kannte. Er packte sie und schoß, das Resultat war, dass nicht nur ein Ork davon umfiel, sondern eine ganze Reihe, welche sich im Explosionsradius des MCL6000er befanden. Aragorn freute sich so, das er den Abzug gleich nochmal abdrückte. Leider war diesmal Gimli im Weg - Zwerge sind hart im Nehmen, klare Sache, aber es ist nunmal so, dass nicht mal Gimli so einen Schuss einfach so wegsteckt ohne wüntend zu werden!!! Darum riss er Aragorn das Teil aus der Hand und beendete das Splatter-Programm. Nun war Aragorn seinerseits sauer und versuchte, Keine Signatur! Zum Seitenanfang Benutzerinformationen überspringen Perry Dhalgren Killerspielespieler Beiträge: 3 355 Wohnort: Nähe Hamburg 1 654 20.05.2005, 05:48 Zu einer anderen Zeit, auf einem anderen Planeten. Man sah, wie die Sterne ineinander verschmolzen, man konnte es förmlich riechen, wie die Atmosphäre schwand. Was sollte man tun, fragten sich die Meisten, was nur, doch Aragorn schaute Gimli nur entsetzt an, als dieser die Pumpgun aus Legolas´s Satteltasche holte sie ihm in die Hand drückte und sagte: \"Astalavista, Aragorn!\" und diesen in die Spielewelt von \"zensierter Shooter\" schickte. Aragorn, der ja letztlich nur Pfeil und Bogen, als höchstes der Gefühle mal \"Feuerbälle\" oder ähnliches magisches Kram gewohnt war, war erst völlig perplex, woher sein Freund denn dieses Bummbummding hätte und wusste gar nicht so recht, was er denn damit anfangen sollte. Erst, nachdem er dreimal in den Lauf geschaut hatte und nichts passierte, drückte er den Abzugshahn. Es machte Platsch und ein Gegner, der über ihm an der Decke gehangen hatte, flog Splatterbahnen ziehend zu Boden. Nachdem Ara nochmal gedrückt hatte, machte es pluuuuuff und der zweite Gegner ging getroffen in den Pixelhimmel. Multikill! Gimli und Legolas, welche daneben gestanden hatte, schauten erstaunt auf Aragorn, welcher sich wirklich gut geschlagen hatte. \"Probier diese mal\" sagte Gimli und gab Aragorn eine neue Waffe, die dieser noch nicht kannte. Er packte sie und schoß, das Resultat war, dass nicht nur ein Ork davon umfiel, sondern eine ganze Reihe, welche sich im Explosionsradius des MCL6000er befanden. Aragorn freute sich so, das er den Abzug gleich nochmal abdrückte. Leider war diesmal Gimli im Weg - Zwerge sind hart im Nehmen, klare Sache, aber es ist nunmal so, dass nicht mal Gimli so einen Schuss einfach so wegsteckt ohne wüntend zu werden!!! Darum riss er Aragorn das Teil aus der Hand und beendete das Splatter-Programm. Nun war Aragorn seinerseits sauer und versuchte, Legolas eine Waffe abzuschwatzen. Leider sind Elben da ein wenig eigenwillig, gerade Waldelben haben einen Hang dazu, sich Bürger der \"City of Xebec's Demise\" (Level 11, 590.000 Exp. 108 HP) Amiga-Version Zum Seitenanfang Benutzerinformationen überspringen Sir Erazor Woodd dhe foggkh?! Beiträge: 9 714 Wohnort: Landau / Bayern Danksagungen: 5 1 655 20.05.2005, 10:10 Zu einer anderen Zeit, auf einem anderen Planeten. Man sah, wie die Sterne ineinander verschmolzen, man konnte es förmlich riechen, wie die Atmosphäre schwand. Was sollte man tun, fragten sich die Meisten, was nur, doch Aragorn schaute Gimli nur entsetzt an, als dieser die Pumpgun aus Legolas´s Satteltasche holte sie ihm in die Hand drückte und sagte: \"Astalavista, Aragorn!\" und diesen in die Spielewelt von \"zensierter Shooter\" schickte. Aragorn, der ja letztlich nur Pfeil und Bogen, als höchstes der Gefühle mal \"Feuerbälle\" oder ähnliches magisches Kram gewohnt war, war erst völlig perplex, woher sein Freund denn dieses Bummbummding hätte und wusste gar nicht so recht, was er denn damit anfangen sollte. Erst, nachdem er dreimal in den Lauf geschaut hatte und nichts passierte, drückte er den Abzugshahn. Es machte Platsch und ein Gegner, der über ihm an der Decke gehangen hatte, flog Splatterbahnen ziehend zu Boden. Nachdem Ara nochmal gedrückt hatte, machte es pluuuuuff und der zweite Gegner ging getroffen in den Pixelhimmel. Multikill! Gimli und Legolas, welche daneben gestanden hatte, schauten erstaunt auf Aragorn, welcher sich wirklich gut geschlagen hatte. \"Probier diese mal\" sagte Gimli und gab Aragorn eine neue Waffe, die dieser noch nicht kannte. Er packte sie und schoß, das Resultat war, dass nicht nur ein Ork davon umfiel, sondern eine ganze Reihe, welche sich im Explosionsradius des MCL6000er befanden. Aragorn freute sich so, das er den Abzug gleich nochmal abdrückte. Leider war diesmal Gimli im Weg - Zwerge sind hart im Nehmen, klare Sache, aber es ist nunmal so, dass nicht mal Gimli so einen Schuss einfach so wegsteckt ohne wüntend zu werden!!! Darum riss er Aragorn das Teil aus der Hand und beendete das Splatter-Programm. Nun war Aragorn seinerseits sauer und versuchte, Legolas eine Waffe abzuschwatzen. Leider sind Elben da ein wenig eigenwillig, gerade Waldelben haben einen Hang dazu, sich sehr egoistisch zu verhalten (war allerdings nicht J.R.R. Tolkien´s ursprünglicher Plan..) und rücken nix raus, was ein Anderer gern hätte. Keine Signatur! Zum Seitenanfang Benutzerinformationen überspringen Perry Dhalgren Killerspielespieler Beiträge: 3 355 Wohnort: Nähe Hamburg 1 656 20.05.2005, 10:33 Zu einer anderen Zeit, auf einem anderen Planeten. Man sah, wie die Sterne ineinander verschmolzen, man konnte es förmlich riechen, wie die Atmosphäre schwand. Was sollte man tun, fragten sich die Meisten, was nur, doch Aragorn schaute Gimli nur entsetzt an, als dieser die Pumpgun aus Legolas´s Satteltasche holte sie ihm in die Hand drückte und sagte: \"Astalavista, Aragorn!\" und diesen in die Spielewelt von \"zensierter Shooter\" schickte. Aragorn, der ja letztlich nur Pfeil und Bogen, als höchstes der Gefühle mal \"Feuerbälle\" oder ähnliches magisches Kram gewohnt war, war erst völlig perplex, woher sein Freund denn dieses Bummbummding hätte und wusste gar nicht so recht, was er denn damit anfangen sollte. Erst, nachdem er dreimal in den Lauf geschaut hatte und nichts passierte, drückte er den Abzugshahn. Es machte Platsch und ein Gegner, der über ihm an der Decke gehangen hatte, flog Splatterbahnen ziehend zu Boden. Nachdem Ara nochmal gedrückt hatte, machte es pluuuuuff und der zweite Gegner ging getroffen in den Pixelhimmel. Multikill! Gimli und Legolas, welche daneben gestanden hatte, schauten erstaunt auf Aragorn, welcher sich wirklich gut geschlagen hatte. \"Probier diese mal\" sagte Gimli und gab Aragorn eine neue Waffe, die dieser noch nicht kannte. Er packte sie und schoß, das Resultat war, dass nicht nur ein Ork davon umfiel, sondern eine ganze Reihe, welche sich im Explosionsradius des MCL6000er befanden. Aragorn freute sich so, das er den Abzug gleich nochmal abdrückte. Leider war diesmal Gimli im Weg - Zwerge sind hart im Nehmen, klare Sache, aber es ist nunmal so, dass nicht mal Gimli so einen Schuss einfach so wegsteckt ohne wüntend zu werden!!! Darum riss er Aragorn das Teil aus der Hand und beendete das Splatter-Programm. Nun war Aragorn seinerseits sauer und versuchte, Legolas eine Waffe abzuschwatzen. Leider sind Elben da ein wenig eigenwillig, gerade Waldelben haben einen Hang dazu, sich sehr egoistisch zu verhalten (war allerdings nicht J.R.R. Tolkien´s ursprünglicher Plan..) und rücken nix raus, was ein Anderer gern hätte. Wütend sagte Aragorn: \" Ich bin der König der Wälder, der Felsen, der Berge und allem anderen, also befehle ich dir, mir was zu geben!\" Legolas beugte sich dem Willen des Königs und gab ihm seinen Bogen. Aragorn schaute verduzt, dann Bürger der \"City of Xebec's Demise\" (Level 11, 590.000 Exp. 108 HP) Amiga-Version Zum Seitenanfang Benutzerinformationen überspringen Sir Erazor Woodd dhe foggkh?! Beiträge: 9 714 Wohnort: Landau / Bayern Danksagungen: 5 1 657 26.05.2005, 15:47 Zu einer anderen Zeit, auf einem anderen Planeten. Man sah, wie die Sterne ineinander verschmolzen, man konnte es förmlich riechen, wie die Atmosphäre schwand. Was sollte man tun, fragten sich die Meisten, was nur, doch Aragorn schaute Gimli nur entsetzt an, als dieser die Pumpgun aus Legolas´s Satteltasche holte sie ihm in die Hand drückte und sagte: \"Astalavista, Aragorn!\" und diesen in die Spielewelt von \"zensierter Shooter\" schickte. Aragorn, der ja letztlich nur Pfeil und Bogen, als höchstes der Gefühle mal \"Feuerbälle\" oder ähnliches magisches Kram gewohnt war, war erst völlig perplex, woher sein Freund denn dieses Bummbummding hätte und wusste gar nicht so recht, was er denn damit anfangen sollte. Erst, nachdem er dreimal in den Lauf geschaut hatte und nichts passierte, drückte er den Abzugshahn. Es machte Platsch und ein Gegner, der über ihm an der Decke gehangen hatte, flog Splatterbahnen ziehend zu Boden. Nachdem Ara nochmal gedrückt hatte, machte es pluuuuuff und der zweite Gegner ging getroffen in den Pixelhimmel. Multikill! Gimli und Legolas, welche daneben gestanden hatte, schauten erstaunt auf Aragorn, welcher sich wirklich gut geschlagen hatte. \"Probier diese mal\" sagte Gimli und gab Aragorn eine neue Waffe, die dieser noch nicht kannte. Er packte sie und schoß, das Resultat war, dass nicht nur ein Ork davon umfiel, sondern eine ganze Reihe, welche sich im Explosionsradius des MCL6000er befanden. Aragorn freute sich so, das er den Abzug gleich nochmal abdrückte. Leider war diesmal Gimli im Weg - Zwerge sind hart im Nehmen, klare Sache, aber es ist nunmal so, dass nicht mal Gimli so einen Schuss einfach so wegsteckt ohne wüntend zu werden!!! Darum riss er Aragorn das Teil aus der Hand und beendete das Splatter-Programm. Nun war Aragorn seinerseits sauer und versuchte, Legolas eine Waffe abzuschwatzen. Leider sind Elben da ein wenig eigenwillig, gerade Waldelben haben einen Hang dazu, sich sehr egoistisch zu verhalten (war allerdings nicht J.R.R. Tolkien´s ursprünglicher Plan..) und rücken nix raus, was ein Anderer gern hätte. Wütend sagte Aragorn: \" Ich bin der König der Wälder, der Felsen, der Berge und allem anderen, also befehle ich dir, mir was zu geben!\" Legolas beugte sich dem Willen des Königs und gab ihm seinen Bogen. Aragorn schaute verduzt, dann gab er sich einen Ruck und packte den Scharfschützen-geeigneten Bogen. Als er den ersten Pfeil einlegte, durchfloss ihn die Kraft der Elben, die er so lange gemisst hatte. Keine Signatur! Zum Seitenanfang Benutzerinformationen überspringen Perry Dhalgren Killerspielespieler Beiträge: 3 355 Wohnort: Nähe Hamburg 1 658 27.05.2005, 05:57 Zu einer anderen Zeit, auf einem anderen Planeten. Man sah, wie die Sterne ineinander verschmolzen, man konnte es förmlich riechen, wie die Atmosphäre schwand. Was sollte man tun, fragten sich die Meisten, was nur, doch Aragorn schaute Gimli nur entsetzt an, als dieser die Pumpgun aus Legolas´s Satteltasche holte sie ihm in die Hand drückte und sagte: \"Astalavista, Aragorn!\" und diesen in die Spielewelt von \"zensierter Shooter\" schickte. Aragorn, der ja letztlich nur Pfeil und Bogen, als höchstes der Gefühle mal \"Feuerbälle\" oder ähnliches magisches Kram gewohnt war, war erst völlig perplex, woher sein Freund denn dieses Bummbummding hätte und wusste gar nicht so recht, was er denn damit anfangen sollte. Erst, nachdem er dreimal in den Lauf geschaut hatte und nichts passierte, drückte er den Abzugshahn. Es machte Platsch und ein Gegner, der über ihm an der Decke gehangen hatte, flog Splatterbahnen ziehend zu Boden. Nachdem Ara nochmal gedrückt hatte, machte es pluuuuuff und der zweite Gegner ging getroffen in den Pixelhimmel. Multikill! Gimli und Legolas, welche daneben gestanden hatte, schauten erstaunt auf Aragorn, welcher sich wirklich gut geschlagen hatte. \"Probier diese mal\" sagte Gimli und gab Aragorn eine neue Waffe, die dieser noch nicht kannte. Er packte sie und schoß, das Resultat war, dass nicht nur ein Ork davon umfiel, sondern eine ganze Reihe, welche sich im Explosionsradius des MCL6000er befanden. Aragorn freute sich so, das er den Abzug gleich nochmal abdrückte. Leider war diesmal Gimli im Weg - Zwerge sind hart im Nehmen, klare Sache, aber es ist nunmal so, dass nicht mal Gimli so einen Schuss einfach so wegsteckt ohne wüntend zu werden!!! Darum riss er Aragorn das Teil aus der Hand und beendete das Splatter-Programm. Nun war Aragorn seinerseits sauer und versuchte, Legolas eine Waffe abzuschwatzen. Leider sind Elben da ein wenig eigenwillig, gerade Waldelben haben einen Hang dazu, sich sehr egoistisch zu verhalten (war allerdings nicht J.R.R. Tolkien´s ursprünglicher Plan..) und rücken nix raus, was ein Anderer gern hätte. Wütend sagte Aragorn: \" Ich bin der König der Wälder, der Felsen, der Berge und allem anderen, also befehle ich dir, mir was zu geben!\" Legolas beugte sich dem Willen des Königs und gab ihm seinen Bogen. Aragorn schaute verduzt, dann gab er sich einen Ruck und packte den Scharfschützen-geeigneten Bogen. Als er den ersten Pfeil einlegte, durchfloss ihn die Kraft der Elben, die er so lange gemisst hatte. Der Bogen spannte sich, Aragorn zielte und ließ den Pfeil los. Dieser flog Bürger der \"City of Xebec's Demise\" (Level 11, 590.000 Exp. 108 HP) Amiga-Version Zum Seitenanfang Benutzerinformationen überspringen Sir Erazor Woodd dhe foggkh?! Beiträge: 9 714 Wohnort: Landau / Bayern Danksagungen: 5 1 659 27.05.2005, 12:37 Zu einer anderen Zeit, auf einem anderen Planeten. Man sah, wie die Sterne ineinander verschmolzen, man konnte es förmlich riechen, wie die Atmosphäre schwand. Was sollte man tun, fragten sich die Meisten, was nur, doch Aragorn schaute Gimli nur entsetzt an, als dieser die Pumpgun aus Legolas´s Satteltasche holte sie ihm in die Hand drückte und sagte: \"Astalavista, Aragorn!\" und diesen in die Spielewelt von \"zensierter Shooter\" schickte. Aragorn, der ja letztlich nur Pfeil und Bogen, als höchstes der Gefühle mal \"Feuerbälle\" oder ähnliches magisches Kram gewohnt war, war erst völlig perplex, woher sein Freund denn dieses Bummbummding hätte und wusste gar nicht so recht, was er denn damit anfangen sollte. Erst, nachdem er dreimal in den Lauf geschaut hatte und nichts passierte, drückte er den Abzugshahn. Es machte Platsch und ein Gegner, der über ihm an der Decke gehangen hatte, flog Splatterbahnen ziehend zu Boden. Nachdem Ara nochmal gedrückt hatte, machte es pluuuuuff und der zweite Gegner ging getroffen in den Pixelhimmel. Multikill! Gimli und Legolas, welche daneben gestanden hatte, schauten erstaunt auf Aragorn, welcher sich wirklich gut geschlagen hatte. \"Probier diese mal\" sagte Gimli und gab Aragorn eine neue Waffe, die dieser noch nicht kannte. Er packte sie und schoß, das Resultat war, dass nicht nur ein Ork davon umfiel, sondern eine ganze Reihe, welche sich im Explosionsradius des MCL6000er befanden. Aragorn freute sich so, das er den Abzug gleich nochmal abdrückte. Leider war diesmal Gimli im Weg - Zwerge sind hart im Nehmen, klare Sache, aber es ist nunmal so, dass nicht mal Gimli so einen Schuss einfach so wegsteckt ohne wüntend zu werden!!! Darum riss er Aragorn das Teil aus der Hand und beendete das Splatter-Programm. Nun war Aragorn seinerseits sauer und versuchte, Legolas eine Waffe abzuschwatzen. Leider sind Elben da ein wenig eigenwillig, gerade Waldelben haben einen Hang dazu, sich sehr egoistisch zu verhalten (war allerdings nicht J.R.R. Tolkien´s ursprünglicher Plan..) und rücken nix raus, was ein Anderer gern hätte. Wütend sagte Aragorn: \" Ich bin der König der Wälder, der Felsen, der Berge und allem anderen, also befehle ich dir, mir was zu geben!\" Legolas beugte sich dem Willen des Königs und gab ihm seinen Bogen. Aragorn schaute verduzt, dann gab er sich einen Ruck und packte den Scharfschützen-geeigneten Bogen. Als er den ersten Pfeil einlegte, durchfloss ihn die Kraft der Elben, die er so lange gemisst hatte. Der Bogen spannte sich, Aragorn zielte und ließ den Pfeil los. Dieser flog weit, weiter, als je ein Pfeil vor ihm geflogen war. Der Pfeil traf an einer Stelle ein, an der noch nie zuvor ein anderer Gegenstand, von Menschenhand geschaffen, eingetroffen war - Keine Signatur! Zum Seitenanfang Benutzerinformationen überspringen Perry Dhalgren Killerspielespieler Beiträge: 3 355 Wohnort: Nähe Hamburg 1 660 30.05.2005, 05:43 Zu einer anderen Zeit, auf einem anderen Planeten. Man sah, wie die Sterne ineinander verschmolzen, man konnte es förmlich riechen, wie die Atmosphäre schwand. Was sollte man tun, fragten sich die Meisten, was nur, doch Aragorn schaute Gimli nur entsetzt an, als dieser die Pumpgun aus Legolas´s Satteltasche holte sie ihm in die Hand drückte und sagte: \"Astalavista, Aragorn!\" und diesen in die Spielewelt von \"zensierter Shooter\" schickte. Aragorn, der ja letztlich nur Pfeil und Bogen, als höchstes der Gefühle mal \"Feuerbälle\" oder ähnliches magisches Kram gewohnt war, war erst völlig perplex, woher sein Freund denn dieses Bummbummding hätte und wusste gar nicht so recht, was er denn damit anfangen sollte. Erst, nachdem er dreimal in den Lauf geschaut hatte und nichts passierte, drückte er den Abzugshahn. Es machte Platsch und ein Gegner, der über ihm an der Decke gehangen hatte, flog Splatterbahnen ziehend zu Boden. Nachdem Ara nochmal gedrückt hatte, machte es pluuuuuff und der zweite Gegner ging getroffen in den Pixelhimmel. Multikill! Gimli und Legolas, welche daneben gestanden hatte, schauten erstaunt auf Aragorn, welcher sich wirklich gut geschlagen hatte. \"Probier diese mal\" sagte Gimli und gab Aragorn eine neue Waffe, die dieser noch nicht kannte. Er packte sie und schoß, das Resultat war, dass nicht nur ein Ork davon umfiel, sondern eine ganze Reihe, welche sich im Explosionsradius des MCL6000er befanden. Aragorn freute sich so, das er den Abzug gleich nochmal abdrückte. Leider war diesmal Gimli im Weg - Zwerge sind hart im Nehmen, klare Sache, aber es ist nunmal so, dass nicht mal Gimli so einen Schuss einfach so wegsteckt ohne wüntend zu werden!!! Darum riss er Aragorn das Teil aus der Hand und beendete das Splatter-Programm. Nun war Aragorn seinerseits sauer und versuchte, Legolas eine Waffe abzuschwatzen. Leider sind Elben da ein wenig eigenwillig, gerade Waldelben haben einen Hang dazu, sich sehr egoistisch zu verhalten (war allerdings nicht J.R.R. Tolkien´s ursprünglicher Plan..) und rücken nix raus, was ein Anderer gern hätte. Wütend sagte Aragorn: \" Ich bin der König der Wälder, der Felsen, der Berge und allem anderen, also befehle ich dir, mir was zu geben!\" Legolas beugte sich dem Willen des Königs und gab ihm seinen Bogen. Aragorn schaute verduzt, dann gab er sich einen Ruck und packte den Scharfschützen-geeigneten Bogen. Als er den ersten Pfeil einlegte, durchfloss ihn die Kraft der Elben, die er so lange gemisst hatte. Der Bogen spannte sich, Aragorn zielte und ließ den Pfeil los. Dieser flog weit, weiter, als je ein Pfeil vor ihm geflogen war. Der Pfeil traf an einer Stelle ein, an der noch nie zuvor ein anderer Gegenstand, von Menschenhand geschaffen, eingetroffen war - dem katalonischen Limbas. Dieser Teil der Erde war nicht in der Mittelerde, sondern Bürger der \"City of Xebec's Demise\" (Level 11, 590.000 Exp. 108 HP) Amiga-Version Zum Seitenanfang 1 … 2 6 10 14 18 22 26 30 34 38 42 46 50 54 58 62 66 70 74 78 81 82 83 84 85 86 87 Bitte wählen: ----------------------- Die Welt des Films      Filmrezensionen      Vorschauen      Serien      Verschiedenes rund ums Thema Film Multimedia und Computer Foren      Musikforum      Software      Hardware      Internet      Mobile & Multimedia Technik Off Topic      Erazors Stammtisch      Fun World      Sonstiges          Weltgeschehen          Politik          Erotik              Erotik-Spam Threads          Werbung          Das sportliche Forum          Archiv          Marktplatz Webdesignblog Sir Erazor Shoutbox Archiv Statistik Hilfe Impressum 04.07.2014, 12:24 Zum Seitenanfang Forensoftware: Burning Board®, entwickelt von WoltLab® GmbH Dauerhaft angemeldet bleiben? ","title":"Die Unendliche Geschichte!!! - Seite 83  - Archiv - E-Land V4","desc":null,"details":{"length":38746,"language":"de","date":"2014/10/31 16:18:37","type":"application/xhtml+xml","country":""},"crawling":{"duration":"1","date":"2014/10/31 16:18:37"},"metas":[{"name":"description","value":""},{"name":"keywords","value":"erazorsland, forum, allgemein, lustig, spass, stammtisch"}],"uri":{"protocol":"http","domain":"de.erazorsland.forum.","url":"http://forum.erazorsland.de/index.php?page=thread&pageno=83&s=e7fe422f73237a0f7b6ca5bc73a3f50901cf3911&threadid=356"}}},{"_index":"de_content_201410","_type":"resourceQ","_id":"http://mc-bambus.de/s-net/scripts/mc-bambus_news_versand_nach_oestereich_accessoires_versand_nach_oesterreich_information.asp?id=160&mod=content_archiv&sid=sgsid$651333@37p16p72p20820062014194813&ss=160","_score":1.0, "_source" : {"body":" Home Bambuspflanzen Produkte Produkt suchen Kontakt Kundenkonto Anmelden Email-Adresse *: Passwort *: • Passwortanfrage • Kundenkonto anlegen Sie befinden sich hier: News » Sie befinden sich hier » News » Versand nach Österreich Datum: 16.03.2011 13:13 Günstige Versand-Konditionen für Deutschland und Österreich Versand-Service für Österreich und Schweiz erweitert Ab sofort versenden wir unsere Waren nicht nur innerhalb Deutschlands, sondern auch in das benachbarte Österreich. In Kooperation mit einem kompetenten Dienstleister ist es uns möglich, Ihre Bestellung schnell, zuverlässig und kostengünstig in Deutschland und Österreich zu versenden. Da wir auch lebende Pflanzen in unterschiedlichen Höhen versenden und die Pakete oftmals sperrig sind, haben wir bei der Wahl unseres Logistikpartners großen Wert auf Service, S chnelligkeit und günstige Versandkonditionen gelegt, die wir gerne an Sie weitergeben! Wir hoffen, dass Sie unser Angebot nutzen und beraten Sie gerne, wenn Sie Fragen haben! Zurück Nach oben Sie befinden sich hier » News » Erweiterung unserer Produktpalette Datum: 21.03.2011 15:44 Display aus Bambus Professionell Werben mit Displays aus Bambus! Ab sofort können wir Ihnen auch Displaysysteme aus Bambus für Messen und Produktpräsentationen anbieten. Die ökologischen Displays sind aus Bambus und werden Ihren individuellen Wünschen entsprechend angefertigt. Detaillierte Informationen senden wir Ihnen auf Anfrage.   Zurück Nach oben Sie befinden sich hier » News » Phyllostachys Tip Top varioauriculata Datum: 30.03.2011 10:11 Phyllostachys  Tip Top varioauriculata Zur Zeit läuft das Bestimmungverfahren.  Beschreibung: Herkunft: China Eigenschaften: Kältewiderstand: -24°C Standort: Höhe: 3 - 5 Meter Halmdurchmesser: 10 - 20 mm Allgemein: Eine echte Alternative aufgrund der Wuchshöhe zur Pflanzung von Fargesia. Schwach ausläufertreibend, mittleren Wachstums; feines, sehr dichtes Laub. Der kleinste und dichteste Phyllostachys. Anforderungen: keine, dank seiner großen Resistenz gegen Kälte und Frost. Vorteil: Perfekt für Balkon, Terrasse und kleine Gärten.       Bezugsquelle: Mc-Bambus Deutschland. Zurück Nach oben Produkte Bambus Phyllostachys Bambus Pseudosasa Bambus Fargesia Bambus Hecken Bambus Semiarundinaria Bambus Borinda Bambus Chusquea Bambus Chimonobambusa Bambus Samen Exotische Pflanzen Bambus Mieten Bambusdünger - Dünger Blumentöpfe & Container Bambus Rhizomsperre Bambus Pflanzstäbe Bambus Zäune Sichtschutz Gutschein Information Downloads Neue Produkte Sonderangebote Bambusbilder Bambuslexikon Kompetenz - Service Linkverzeichnis Referenzen Mc-Bambus Die Marke Mc-Bambus Partner Kontakt Aktuelles News Februar 2013 (1) März 2012 (1) November 2011 (1) August 2011 (1) Juni 2011 (2) Mai 2011 (1) April 2011 (2) März 2011 (3) Februar 2011 (4) Top Produkte 1. Phyllostachys vivax 2. Baumbinder aus 3. Bambus Fargesia 4. Pflanzcontainer Baumschulcontainer 5. Phyllostachys pubescens Verkaufshits 1. Pflanzcontainer Baumschulcontainer 2. Tonkinstab Pflanzstab 3. Bambus Fargesia 4. Tonkinstab Pflanzstab 5. Phyllostachys bissetii Newsletter Aktuelles      AGB | Impressum | Widerrufsbelehrung | Copyright | Datenschutzerklärung | Muster-Widerrufsformular | Zahlungs- und Lieferinformationen | Sitemap by Mc-Bambus - All Rights Reserved © Copyright 2014 S-NET E-Commerce Version 8.2-0.7.0 by Sicon-Net ","title":"Phyllostachys Tip Top varioauriculata - Eine echte Alternative aufgrund der Wuchshöhe zur Pflanzung von Fargesia. Schwach ausläufertreibend, mittleren Wachstums; feines, sehr dichtes Laub. Der kleinste und dichteste Phyllostachys.","desc":"Wir erhalten in Kürze eine begrenzte Anzahl dieser neuen Bambussorte. Vorbestellung auf Anfrage.","details":{"length":3357,"language":"de","date":"2014/10/31 16:18:35","type":"application/xhtml+xml","country":""},"crawling":{"duration":"1","date":"2014/10/31 16:18:35"},"metas":[{"name":"description","value":"Wir erhalten in Kürze eine begrenzte Anzahl dieser neuen Bambussorte. Vorbestellung auf Anfrage."},{"name":"keywords","value":"Phyllostachys Tip Top varioauriculata,hispida,varioauriculata, rarität, Sammler"},{"name":"google-site-verification","value":"LK6iTfjRE9TamZvaTvj0oO-EmVNdJSuTpctSAsLVv2g"},{"name":"alexaVerifyID","value":"derK7fZp8aPeR-2-sHE__omt3w4"},{"name":"audience","value":"alle"},{"name":"author","value":"S. Grundmann"},{"name":"robots","value":"index,follow,all"},{"name":"REVISIT-AFTER","value":"7 days"},{"name":"OBJECT-TYPE","value":"Bambus,Gartengestaltung,Garten"},{"name":"page-type","value":"Bambus,Gartengestaltung,Garten"},{"name":"CLASSIFICATION","value":"Garten, Hobby, Bambus"},{"name":"Distribution","value":"global"},{"name":"siteinfo","value":"http://www.Mc-Bambus.de/robots.txt"},{"name":"Date","value":"2014-6-23"}],"uri":{"protocol":"http","domain":"de.mc-bambus.","url":"http://mc-bambus.de/s-net/scripts/mc-bambus_news_versand_nach_oestereich_accessoires_versand_nach_oesterreich_information.asp?id=160&mod=content_archiv&sid=sgsid$651333@37p16p72p20820062014194813&ss=160"}}},{"_index":"de_content_201410","_type":"resourceQ","_id":"http://cvjm-nordhorn-blanke.de/kalender/day.php?cal=aktuelles&getdate=20120202","_score":1.0, "_source" : {"body":" Donnerstag, 2. Februar Aktuelles « Montag Dienstag Mittwoch Donnerstag Freitag Samstag Sonntag » 06:00         07:00         08:00         09:00         10:00         11:00         12:00         13:00         14:00         15:00         16:00         17:00         18:00         19:00         Do, 2. Feb Legende: Aktuelles Druckversion Abbonieren |  Herunterladen Gehe zu Gehe zu Gehe zum heutigen Tag Gehe zur aktuellen Woche Gehe zum aktuellen Monat Gehe zum aktuellen Jahr Aktuelles Alle Kalender zusammen 2011 2012 2013 Januar 2012 Februar 2012 März 2012 April 2012 Mai 2012 Juni 2012 Juli 2012 August 2012 September 2012 Oktober 2012 November 2012 Dezember 2012 26. Dez - 1. Jan 2. Jan - 8. Jan 9. Jan - 15. Jan 16. Jan - 22. Jan 23. Jan - 29. Jan 30. Jan - 5. Feb 6. Feb - 12. Feb 13. Feb - 19. Feb 20. Feb - 26. Feb 27. Feb - 4. Mär 5. Mär - 11. Mär 12. Mär - 18. Mär 19. Mär - 25. Mär 26. Mär - 1. Apr 2. Apr - 8. Apr 9. Apr - 15. Apr 16. Apr - 22. Apr 23. Apr - 29. Apr 30. Apr - 6. Mai 7. Mai - 13. Mai 14. Mai - 20. Mai 21. Mai - 27. Mai 28. Mai - 3. Jun 4. Jun - 10. Jun 11. Jun - 17. Jun 18. Jun - 24. Jun 25. Jun - 1. Jul 2. Jul - 8. Jul 9. Jul - 15. Jul 16. Jul - 22. Jul 23. Jul - 29. Jul 30. Jul - 5. Aug 6. Aug - 12. Aug 13. Aug - 19. Aug 20. Aug - 26. Aug 27. Aug - 2. Sep 3. Sep - 9. Sep 10. Sep - 16. Sep 17. Sep - 23. Sep 24. Sep - 30. Sep 1. Okt - 7. Okt 8. Okt - 14. Okt 15. Okt - 21. Okt 22. Okt - 28. Okt 29. Okt - 4. Nov 5. Nov - 11. Nov 12. Nov - 18. Nov 19. Nov - 25. Nov 26. Nov - 2. Dez 3. Dez - 9. Dez 10. Dez - 16. Dez 17. Dez - 23. Dez 24. Dez - 30. Dez 31. Dez - 6. Jan Mehrfachauswahl: Aktuelles Januar 2012 Mo Di Mi Do Fr Sa So 26 27 28 29 30 31 1 2 3 4 5 6 7 8 9 10 11 12 13 14 15 16 17 18 19 20 21 22 23 24 25 26 27 28 29 30 31 1 2 3 4 5 Februar 2012 Mo Di Mi Do Fr Sa So 30 31 1 2 3 4 5 6 7 8 9 10 11 12 13 14 15 16 17 18 19 20 21 22 23 24 25 26 27 28 29 1 2 3 4 März 2012 Mo Di Mi Do Fr Sa So 27 28 29 1 2 3 4 5 6 7 8 9 10 11 12 13 14 15 16 17 18 19 20 21 22 23 24 25 26 27 28 29 30 31 1 Powered by PHP iCalendar 2.4 ","title":"Aktuelles - Donnerstag, 2. Februar","desc":null,"details":{"length":2059,"language":"de","date":"2014/10/31 16:18:38","type":"application/xhtml+xml","country":""},"crawling":{"duration":"1","date":"2014/10/31 16:18:38"},"metas":[],"uri":{"protocol":"http","domain":"de.cvjm-nordhorn-blanke.","url":"http://cvjm-nordhorn-blanke.de/kalender/day.php?cal=aktuelles&getdate=20120202"}}},{"_index":"de_content_201410","_type":"resourceQ","_id":"http://modellinternational.de/index.php/cpath/3_1057?oscsid=uhk0u2de7p3phem20kcofp4cnp3v3pq6","_score":1.0, "_source" : {"body":"             Startseite » Katalog » Herpa » Neuheiten 03/04-2011 Ihr Konto  |  Warenkorb  |  Kasse    Kategorien LAGERWARE-> Brekina-> Busch - Auto-> Busch-Modellbahn-> Fach-Literatur Herpa->    eXtra-Neuheiten Juni 2014    eXtra-Neuheiten März 2014    Neuheiten 01/02-2013    Neuheiten 01/02-2014    Neuheiten 03/04-2013    Neuheiten 03/04-2014    Neuheiten 05/06-2013    Neuheiten 05/06-2014    Neuheiten 07/08-2013    Neuheiten 07/08-2014    Neuheiten 09/10-2013    Neuheiten 09/10-2014    Neuheiten 11/12-2013    Neuheiten Wings 01/02-2013    Neuheiten Wings 01/02-2014    Neuheiten Wings 03/04-2013    Neuheiten Wings 03/04-2014    Neuheiten Wings 05/06-2013    Neuheiten Wings 05/06-2014    Neuheiten Wings 07/08-2013    Neuheiten Wings 07/08-2014    Neuheiten Wings 09/10-2013    Neuheiten Wings 09/10-2014    Neuheiten Wings 11/12-2013    eXtra-Neuheiten Dez. 2013    eXtra-Neuheiten Juni 2013    eXtra-Neuheiten Sept. 2013    Neuheiten Wings 07/08-2012    Neuheiten Wings 09/10-2012    Neuheiten Wings 11/12-2012    Cars + Trucks Collection->    Neuheiten 01/02-2012    Neuheiten 03/04-2012    Neuheiten 05/06-2012    Neuheiten 07/08-2012    Neuheiten 09/10-2012    Neuheiten 11/12-2012    Neuheiten 01/02-2011    Neuheiten 03/04-2011    Neuheiten 05/06-2011    Neuheiten 07/08-2011    Neuheiten 09/10-2011    Neuheiten 11/12-2011    HCC-Modelle    Teileservice Cars and Trucks->    eXtraShop Cars and Trucks    Wings Collection->    Wings-Starter Sets und Zubehör    Minitanks Collection Märklin - Metallautos Merten Pola Preiser-> Rietze-> Roco-> Wiking-> Hersteller Bitte wählen Albedo Brekina Busch Dragon Wings Epoche Fleischmann Herpa Kembel Kibri Lehnhardt-Blech.. Märklin Merten Minispeeder Pola Preiser Rietze Roco Roskopf SIKU Trident Trident Wiking Neue Produkte MB Citaro G Euro 6 '12 \"Autobus AG Liestal\" 26,55EUR [inkl. 19.00% MwSt zzgl. Versandkosten] Schnellsuche   Verwenden Sie Stichworte, um ein Produkt zu finden. erweiterte Suche Informationen Impressum AGB Widerrufsbelehrung Datenschutzerklärung Zahlung und Versand Kontakt Vereine, Clubs & Freunde Shopinfo.xml Herpa Cars & Trucks Neuheiten März/April 2011      Hersteller    Artikel-Nr.    Produkte+    Preis   Bestellen        Herpa   he034654    Borgward Isabella Limousine lichtblau-metallic   10,35EUR [inkl. 19.00% MwSt zzgl. Versandkosten]          Herpa   he024655    Borgward Isabella Limousine rot   8,55EUR [inkl. 19.00% MwSt zzgl. Versandkosten]          Herpa   he076449    Container-Set 2x40 ft. \"Hamburg Süd / Samskip\"   17,55EUR [inkl. 19.00% MwSt zzgl. Versandkosten]          Herpa   he053068    Ladegut Kesselabschlüsse mit Halterung Inhalt: 6 Stück   8,55EUR [inkl. 19.00% MwSt zzgl. Versandkosten]          Herpa   he076425    Landwirtschaftlicher Anhänger   11,25EUR [inkl. 19.00% MwSt zzgl. Versandkosten]          Herpa   he158183    Liebherr L580 Radlader   22,50EUR [inkl. 19.00% MwSt zzgl. Versandkosten]          Herpa   he158305-003    MAN TGS M Allrad-Zugmaschine 3 NEUE FARBE feuerrot   11,25EUR [inkl. 19.00% MwSt zzgl. Versandkosten]          Herpa   he034722    Opel Kadett B Coupé Rallye silber-schwarz   10,35EUR [inkl. 19.00% MwSt zzgl. Versandkosten]          Herpa   he121347    Scania Hauber Kühlkoffer-Sattelzug \"Peter Gelhard\", PC   44,91EUR [inkl. 19.00% MwSt zzgl. Versandkosten]          Herpa   he024808    Trabant Tramp grau-weiss   10,35EUR [inkl. 19.00% MwSt zzgl. Versandkosten]    angezeigte Produkte: 1 bis 10 (von 10 insgesamt) Seiten:   1  Warenkorb 0 Produkte Bestseller 01. Borgward Isabella Limousine rot 02. Opel Kadett B Coupé Rallye silber-schwarz 03. Container-Set 2x40 ft. \"Hamburg Süd / Samskip\" 04. Landwirtschaftlicher Anhänger 05. Liebherr L580 Radlader 06. Trabant Tramp grau-weiss Bewertungen Zunächst mal zum Händler ... SUUUUUPER schnelle Lieferung, d .. Sprachen Währungen Euro    badenwuerttembergfirmen.info - Das Branchenverzeichnis für Baden-Wuerttemberg!   Donnerstag, 03. Juli 2014     41722314 Zugriffe seit Montag, 29. März 2004   Copyright © 2003 osCommerce Powered by osCommerce Programming & design by go Internet ","title":"Herpa Cars & Trucks Neuheiten März/April 2011  Modellinternational.de","desc":"Herpa Cars & Trucks Neuheiten März/April 2011 Modellinternational.de","details":{"length":4079,"language":"de","date":"2014/10/31 16:18:35","type":"text/html","country":""},"crawling":{"duration":"1","date":"2014/10/31 16:18:35"},"metas":[{"name":"Description","value":"Herpa Cars & Trucks Neuheiten März/April 2011 Modellinternational.de"},{"name":"Keywords","value":"Herpa Cars & Trucks Neuheiten März/April 2011 "},{"name":"Reply-to","value":"info@modellinternational.de"},{"name":"robots","value":"index, follow"},{"name":"revisit-after","value":"20 days"}],"uri":{"protocol":"http","domain":"de.modellinternational.","url":"http://modellinternational.de/index.php/cpath/3_1057?oscsid=uhk0u2de7p3phem20kcofp4cnp3v3pq6"}}},{"_index":"de_content_201410","_type":"resourceQ","_id":"http://gourmondo.de/g/product/1000407001/guaven-fruchtsaftgetraenk.jsf?et=e23td9&et_cid=15&et_lid=345506&et_sub=personalized_detail&productid=1000773901/guarana-original+antarctica","_score":1.0, "_source" : {"body":" Jetzt anmelden Login Neu hier? Mein Konto Merkzettel Hilfe Sitemap Über uns Impressum --> Warenkorb 0.0 WM Sets Rezeptewelt Geschenkgutschein Schnäppchen Geschenke und Sets Länder Topseller Neuheiten Newsletter Firmenkunden Suche Im gesamten Shop... Ihre Vorteile Ihr Warenkorb wird gespeichert Nutzen Sie Ihre Merkliste Sie erhalten persönliche Empfehlungen Bewerten Sie Produkte Anmelden Geben Sie Ihre E-Mail-Adresse ein Passwort >> Neu registrieren >> Passwort vergessen > Kategorien > Wasser, Limonaden, Energy Drinks & Säfte > Säfte Artikel hinzugefügt Panchy Guaven-Fruchtsaftgetränk Rezensionen ansehen (8) Aromatischer Guaven-Nektar für Cocktails oder den kleinen Durst zwischendurch. Fruchtig, spritzig, exotisch- original thailändisch. 0 Bonuspunkte Bei Kauf dieses Produkts erhalten Sie als Mitglied des Gourmondo Bonusprogramms 0 Bonus- und 0 Statuspunkte. Sie sind noch kein Mitglied? Dann können Sie sich gleich im Warenkorb kostenlos und unverbindlich mit einem Klick anmelden und sofort Punkte sammeln. Jetzt kaufen 250 ml * € 0,99 (€ 3,96/l) inkl. 19% MwSt. * zzgl. Versandkosten und ggf. sonstiger Preisbestandteile 3 6 9 12 15 18 21 24 27 30 33 36 39 42 45 48 51 54 57 60 63 66 69 72 75 78 81 84 87 90 93 96 99 102 105 108 111 114 117 120 123 126 129 132 135 138 141 144 147 150 153 156 159 162 165 168 171 174 177 180 183 186 189 192 195 198 201 204 207 210 213 216 219 222 225 228 231 234 237 240 243 246 249 252 255 258 261 264 267 270 273 276 279 282 285 288 291 294 297 300 auf Lager. Lieferzeit 1-2 Tage auf den Merkzettel   per Mail empfehlen   Details drucken Beschreibung Hersteller Wineregion Aromatischer Guaven-Nektar für Cocktails oder den kleinen Durst zwischendurch. Fruchtig, spritzig, exotisch- original thailändisch. Eigenschaften Fruchtart Guave Land Thailand Zutaten Wasser, Guavenpüree mind. 15%, Zucker, Säuerungsmittel E330, Aroma Aroma Guave Artikelnummer 1000407001 Artikel hinzugefügt Artikel hinzugefügt Artikel hinzugefügt Artikel hinzugefügt Artikel hinzugefügt Artikel hinzugefügt Artikel hinzugefügt Artikel hinzugefügt Artikel hinzugefügt Artikel hinzugefügt Artikel hinzugefügt Wird oft zusammen gekauft Orangensaft - Succo di Arancia Sterilgarda 1 Liter € 1,59 * (€ 1,59/l) (9) 2 4 6 8 10 12 14 16 18 20 22 24 26 28 30 32 34 36 38 40 42 44 46 48 50 52 54 56 58 60 62 64 66 68 70 72 74 76 78 80 82 84 86 88 90 92 94 96 98 100 110 120 130 140 150 160 170 180 190 200 210 220 230 240 250 260 270 280 290 300 310 320 330 340 350 360 370 380 390 400 410 420 430 440 450 460 470 480 490 auf den Merkzettel Ananas-Fruchtsaftgetränk - Succo di Ananas Sterilgarda 1,5 Liter € 1,99 * (€ 1,33/l) (5) 2 4 6 8 10 12 14 16 18 20 22 24 26 28 30 32 34 36 38 40 42 44 46 48 50 52 54 56 58 60 62 64 66 68 70 72 74 76 78 80 82 84 86 88 90 92 94 96 98 100 110 120 130 140 150 160 170 180 190 200 210 220 230 240 250 260 270 280 290 300 310 320 330 340 350 360 370 380 390 400 410 420 430 440 450 460 470 480 490 auf den Merkzettel Blutorangensaft Arance rosse di Sicilia Sterilgarda 1,5 Liter € 1,99 * (€ 1,33/l) (8) 2 4 6 8 10 12 14 16 18 20 22 24 26 28 30 32 34 36 38 40 42 44 46 48 50 52 54 56 58 60 62 64 66 68 70 72 74 76 78 80 82 84 86 88 90 92 94 96 98 100 110 120 130 140 150 160 170 180 190 200 210 220 230 240 250 260 270 280 290 300 310 320 330 340 350 360 370 380 390 400 410 420 430 440 450 460 470 480 490 auf den Merkzettel \"Succo Tropicale\" Tropischer Fruchtsaft Sterilgarda 1,5 Liter € 1,99 * (€ 1,33/l) (3) 2 4 6 8 10 12 14 16 18 20 22 24 26 28 30 32 34 36 38 40 42 44 46 48 50 52 54 56 58 60 62 64 66 68 70 72 74 76 78 80 82 84 86 88 90 92 94 96 98 100 110 120 130 140 150 160 170 180 190 200 210 220 230 240 250 260 270 280 290 300 310 320 330 340 350 360 370 380 390 400 410 420 430 440 450 460 470 480 490 auf den Merkzettel Tomatensaft und Venusmuschelbrühe Clamato 163 ml € 1,89 * (€ 11,60/l) (2) 3 6 9 12 15 18 21 24 27 30 33 36 39 42 45 48 51 54 57 60 63 66 69 72 75 78 81 84 87 90 93 96 99 102 105 108 111 114 117 120 123 126 129 132 135 138 141 144 147 150 153 156 159 162 165 168 171 174 177 180 183 186 189 192 195 198 201 204 207 210 213 216 219 222 225 228 231 234 237 240 243 246 249 252 255 258 261 264 267 270 273 276 279 282 285 288 291 294 297 300 auf den Merkzettel Framboozen Rhabarbernektar, 70% Direktsaftanteil Privatkelterei van Nahmen 750 ml € 3,69 * (€ 4,92/l) (13) 1 2 3 4 5 6 7 8 9 10 11 12 13 14 15 16 17 18 19 20 21 22 23 24 25 26 27 28 29 30 31 32 33 34 35 36 37 38 39 40 41 42 43 44 45 46 47 48 49 50 51 52 53 54 55 56 57 58 59 60 61 62 63 64 65 66 67 68 69 70 71 72 73 74 75 76 77 78 79 80 81 82 83 84 85 86 87 88 89 90 91 92 93 94 95 96 97 98 99 100 110 120 130 140 150 160 170 180 190 200 210 220 230 240 250 260 270 280 290 300 310 320 330 340 350 360 370 380 390 400 410 420 430 440 450 460 470 480 490 500 auf den Merkzettel Zitronensaft Succo Limone Terra maris 250 ml € 1,29 * (€ 5,16/l) (5) 2 4 6 8 10 12 14 16 18 20 22 24 26 28 30 32 34 36 38 40 42 44 46 48 50 52 54 56 58 60 62 64 66 68 70 72 74 76 78 80 82 84 86 88 90 92 94 96 98 100 110 120 130 140 150 160 170 180 190 200 210 220 230 240 250 260 270 280 290 300 310 320 330 340 350 360 370 380 390 400 410 420 430 440 450 460 470 480 490 auf den Merkzettel Gemüsesaft V8 Campbell Soup Company 163 ml € 2,29 * (€ 14,05/l) (4) 2 4 6 8 10 12 14 16 18 20 22 24 26 28 30 32 34 36 38 40 42 44 46 48 50 52 54 56 58 60 62 64 66 68 70 72 74 76 78 80 82 84 86 88 90 92 94 96 98 100 110 120 130 140 150 160 170 180 190 200 210 220 230 240 250 260 270 280 290 300 310 320 330 340 350 360 370 380 390 400 410 420 430 440 450 460 470 480 490 auf den Merkzettel Apfelsaft von Streuobstwiesen, 100% Direktsaft Privatkelterei van Nahmen 750 ml € 3,79 * (€ 5,05/l) (6) 1 2 3 4 5 6 7 8 9 10 11 12 13 14 15 16 17 18 19 20 21 22 23 24 25 26 27 28 29 30 31 32 33 34 35 36 37 38 39 40 41 42 43 44 45 46 47 48 49 50 51 52 53 54 55 56 57 58 59 60 61 62 63 64 65 66 67 68 69 70 71 72 73 74 75 76 77 78 79 80 81 82 83 84 85 86 87 88 89 90 91 92 93 94 95 96 97 98 99 100 110 120 130 140 150 160 170 180 190 200 210 220 230 240 250 260 270 280 290 300 310 320 330 340 350 360 370 380 390 400 410 420 430 440 450 460 470 480 490 500 auf den Merkzettel Grapefruit-Fruchtsaftgetränk \"Succo di Pompelmo\" Sterilgarda 1 Liter € 1,69 * (€ 1,69/l) (1) 2 4 6 8 10 12 14 16 18 20 22 24 26 28 30 32 34 36 38 40 42 44 46 48 50 52 54 56 58 60 62 64 66 68 70 72 74 76 78 80 82 84 86 88 90 92 94 96 98 100 110 120 130 140 150 160 170 180 190 200 210 220 230 240 250 260 270 280 290 300 310 320 330 340 350 360 370 380 390 400 410 420 430 440 450 460 470 480 490 auf den Merkzettel Tomatensaft \"Succo Pomodore\" Sterilgarda 1 Liter € 1,59 * (€ 1,59/l) (3) 2 4 6 8 10 12 14 16 18 20 22 24 26 28 30 32 34 36 38 40 42 44 46 48 50 52 54 56 58 60 62 64 66 68 70 72 74 76 78 80 82 84 86 88 90 92 94 96 98 100 110 120 130 140 150 160 170 180 190 200 210 220 230 240 250 260 270 280 290 300 310 320 330 340 350 360 370 380 390 400 410 420 430 440 450 460 470 480 490 auf den Merkzettel * inkl. Mwst. zzgl. Versandkosten und ggf. sonstiger Preisbestandteile Artikel hinzugefügt Artikel hinzugefügt Artikel hinzugefügt Artikel hinzugefügt Artikel hinzugefügt Artikel hinzugefügt Artikel hinzugefügt Artikel hinzugefügt Artikel hinzugefügt Artikel hinzugefügt Artikel hinzugefügt Artikel hinzugefügt Artikel hinzugefügt Artikel hinzugefügt Artikel hinzugefügt Artikel hinzugefügt Artikel hinzugefügt Artikel hinzugefügt Kunden kauften auch Guaraná original Antarctica 330 ml € 1,49 (€ 4,52/l) (6) 2 4 6 8 10 12 14 16 18 20 22 24 26 28 30 32 34 36 38 40 42 44 46 48 50 52 54 56 58 60 62 64 66 68 70 72 74 76 78 80 82 84 86 88 90 92 94 96 98 100 110 120 130 140 150 160 170 180 190 200 210 220 230 240 250 260 270 280 290 300 310 320 330 340 350 360 370 380 390 400 410 420 430 440 450 460 470 480 490 auf den Merkzettel Singha Bier Singha/Boon Rawd Brewery 330 ml € 1,89 (€ 5,73/l) (18) 2 4 6 8 10 12 14 16 18 20 22 24 26 28 30 32 34 36 38 40 42 44 46 48 50 52 54 56 58 60 62 64 66 68 70 72 74 76 78 80 82 84 86 88 90 92 94 96 98 100 110 120 130 140 150 160 170 180 190 200 210 220 230 240 250 260 270 280 290 300 310 320 330 340 350 360 370 380 390 400 410 420 430 440 450 460 470 480 490 auf den Merkzettel Erdnüsse mit Wasabi scharf Khao Shong 140 g € 2,49 (€ 17,79/kg) (29) 2 4 6 8 10 12 14 16 18 20 22 24 26 28 30 32 34 36 38 40 42 44 46 48 50 52 54 56 58 60 62 64 66 68 70 72 74 76 78 80 82 84 86 88 90 92 94 96 98 100 110 120 130 140 150 160 170 180 190 200 210 220 230 240 250 260 270 280 290 300 310 320 330 340 350 360 370 380 390 400 410 420 430 440 450 460 470 480 490 auf den Merkzettel Biere der Welt 3,96 Liter € 22,90 (€ 5,78/l) (97) 1 2 3 4 5 6 7 8 9 10 11 12 13 14 15 16 17 18 19 20 21 22 23 24 25 26 27 28 29 30 31 32 33 34 35 36 37 38 39 40 41 42 43 44 45 46 47 48 49 50 51 52 53 54 55 56 57 58 59 60 61 62 63 64 65 66 67 68 69 70 71 72 73 74 75 76 77 78 79 80 81 82 83 84 85 86 87 88 89 90 91 92 93 94 95 96 97 98 99 100 110 120 130 140 150 160 170 180 190 200 210 220 230 240 250 260 270 280 290 300 310 320 330 340 350 360 370 380 390 400 410 420 430 440 450 460 470 480 490 500 auf den Merkzettel Mango Streifen getrocknet Philippine Brand 100 g € 2,19 (€ 21,90/kg) (22) 1 2 3 4 5 6 7 8 9 10 11 12 13 14 15 16 17 18 19 20 21 22 23 24 25 26 27 28 29 30 31 32 33 34 35 36 37 38 39 40 41 42 43 44 45 46 47 48 49 50 51 52 53 54 55 56 57 58 59 60 61 62 63 64 65 66 67 68 69 70 71 72 73 74 75 76 77 78 79 80 81 82 83 84 85 86 87 88 89 90 91 92 93 94 95 96 97 98 99 100 110 120 130 140 150 160 170 180 190 200 210 220 230 240 250 260 270 280 290 300 310 320 330 340 350 360 370 380 390 400 410 420 430 440 450 460 470 480 490 500 auf den Merkzettel Kokosmilch aus Kokosextrakt und Wasser Wind Mill 400 ml € 1,45 (€ 3,62/l) (22) 1 2 3 4 5 6 7 8 9 10 11 12 13 14 15 16 17 18 19 20 21 22 23 24 25 26 27 28 29 30 31 32 33 34 35 36 37 38 39 40 41 42 43 44 45 46 47 48 49 50 51 52 53 54 55 56 57 58 59 60 61 62 63 64 65 66 67 68 69 70 71 72 73 74 75 76 77 78 79 80 81 82 83 84 85 86 87 88 89 90 91 92 93 94 95 96 97 98 99 100 110 120 130 140 150 160 170 180 190 200 210 220 230 240 250 260 270 280 290 300 310 320 330 340 350 360 370 380 390 400 410 420 430 440 450 460 470 480 490 500 auf den Merkzettel Kokosmilch Wind Mill 165 ml € 0,99 (€ 6,00/l) (14) 1 2 3 4 5 6 7 8 9 10 11 12 13 14 15 16 17 18 19 20 21 22 23 24 25 26 27 28 29 30 31 32 33 34 35 36 37 38 39 40 41 42 43 44 45 46 47 48 49 50 51 52 53 54 55 56 57 58 59 60 61 62 63 64 65 66 67 68 69 70 71 72 73 74 75 76 77 78 79 80 81 82 83 84 85 86 87 88 89 90 91 92 93 94 95 96 97 98 99 100 110 120 130 140 150 160 170 180 190 200 210 220 230 240 250 260 270 280 290 300 310 320 330 340 350 360 370 380 390 400 410 420 430 440 450 460 470 480 490 500 auf den Merkzettel Butter Ghee, rein S.O.P. (Edibles) Ltd. 500 g € 7,50 (€ 15,00/kg) (12) 1 2 3 4 5 6 7 8 9 10 11 12 13 14 15 16 17 18 19 20 21 22 23 24 25 26 27 28 29 30 31 32 33 34 35 36 37 38 39 40 41 42 43 44 45 46 47 48 49 50 51 52 53 54 55 56 57 58 59 60 61 62 63 64 65 66 67 68 69 70 71 72 73 74 75 76 77 78 79 80 81 82 83 84 85 86 87 88 89 90 91 92 93 94 95 96 97 98 99 100 110 120 130 140 150 160 170 180 190 200 210 220 230 240 250 260 270 280 290 300 310 320 330 340 350 360 370 380 390 400 410 420 430 440 450 460 470 480 490 500 auf den Merkzettel Panettoncino Panettone Classico 100g Alis 100 g € 1,70 (€ 17,00/kg) (17) 2 4 6 8 10 12 14 16 18 20 22 24 26 28 30 32 34 36 38 40 42 44 46 48 50 52 54 56 58 60 62 64 66 68 70 72 74 76 78 80 82 84 86 88 90 92 94 96 98 100 110 120 130 140 150 160 170 180 190 200 210 220 230 240 250 260 270 280 290 300 310 320 330 340 350 360 370 380 390 400 410 420 430 440 450 460 470 480 490 auf den Merkzettel Lipovitan-D Taisho 100 ml € 1,19 (€ 11,90/l) (5) 3 6 9 12 15 18 21 24 27 30 33 36 39 42 45 48 51 54 57 60 63 66 69 72 75 78 81 84 87 90 93 96 99 102 105 108 111 114 117 120 123 126 129 132 135 138 141 144 147 150 153 156 159 162 165 168 171 174 177 180 183 186 189 192 195 198 201 204 207 210 213 216 219 222 225 228 231 234 237 240 243 246 249 252 255 258 261 264 267 270 273 276 279 282 285 288 291 294 297 300 auf den Merkzettel Wasabi-Paste aus grünem Meerrettich Kinjirushi 43 g € 2,39 (€ 55,58/kg) (31) 1 2 3 4 5 6 7 8 9 10 11 12 13 14 15 16 17 18 19 20 21 22 23 24 25 26 27 28 29 30 31 32 33 34 35 36 37 38 39 40 41 42 43 44 45 46 47 48 49 50 51 52 53 54 55 56 57 58 59 60 61 62 63 64 65 66 67 68 69 70 71 72 73 74 75 76 77 78 79 80 81 82 83 84 85 86 87 88 89 90 91 92 93 94 95 96 97 98 99 100 110 120 130 140 150 160 170 180 190 200 210 220 230 240 250 260 270 280 290 300 310 320 330 340 350 360 370 380 390 400 410 420 430 440 450 460 470 480 490 500 auf den Merkzettel Nudelsuppe Instant - Scharf Nissin 100 g € 0,79 (€ 7,90/kg) (19) 4 8 12 16 20 24 28 32 36 40 44 48 52 56 60 64 68 72 76 80 84 88 92 96 100 104 108 112 116 120 124 128 132 136 140 144 148 152 156 160 164 168 172 176 180 184 188 192 196 200 204 208 212 216 220 224 228 232 236 240 244 248 252 256 260 264 268 272 276 280 284 288 292 296 300 auf den Merkzettel Makhani Butter Huhn Würze (indisch) Asian Home Gourmet 50 g € 1,40 (€ 28,00/kg) (19) 2 4 6 8 10 12 14 16 18 20 22 24 26 28 30 32 34 36 38 40 42 44 46 48 50 52 54 56 58 60 62 64 66 68 70 72 74 76 78 80 82 84 86 88 90 92 94 96 98 100 110 120 130 140 150 160 170 180 190 200 210 220 230 240 250 260 270 280 290 300 310 320 330 340 350 360 370 380 390 400 410 420 430 440 450 460 470 480 490 auf den Merkzettel Garnelen-Krupuk, pikant Udang- Mas 80 g € 1,19 (€ 14,87/kg) (11) 2 4 6 8 10 12 14 16 18 20 22 24 26 28 30 32 34 36 38 40 42 44 46 48 50 52 54 56 58 60 62 64 66 68 70 72 74 76 78 80 82 84 86 88 90 92 94 96 98 100 110 120 130 140 150 160 170 180 190 200 210 220 230 240 250 260 270 280 290 300 310 320 330 340 350 360 370 380 390 400 410 420 430 440 450 460 470 480 490 auf den Merkzettel Langkorn Duftreis Golden Phoenix 1 kg € 3,39 (€ 3,39/kg) (8) 1 2 3 4 5 6 7 8 9 10 11 12 13 14 15 16 17 18 19 20 21 22 23 24 25 26 27 28 29 30 31 32 33 34 35 36 37 38 39 40 41 42 43 44 45 46 47 48 49 50 51 52 53 54 55 56 57 58 59 60 61 62 63 64 65 66 67 68 69 70 71 72 73 74 75 76 77 78 79 80 81 82 83 84 85 86 87 88 89 90 91 92 93 94 95 96 97 98 99 100 110 120 130 140 150 160 170 180 190 200 210 220 230 240 250 260 270 280 290 300 310 320 330 340 350 360 370 380 390 400 410 420 430 440 450 460 470 480 490 500 auf den Merkzettel Bananachips in Honig getränkt H&S 200 g € 1,29 (€ 6,45/kg) (9) 1 2 3 4 5 6 7 8 9 10 11 12 13 14 15 16 17 18 19 20 21 22 23 24 25 26 27 28 29 30 31 32 33 34 35 36 37 38 39 40 41 42 43 44 45 46 47 48 49 50 51 52 53 54 55 56 57 58 59 60 61 62 63 64 65 66 67 68 69 70 71 72 73 74 75 76 77 78 79 80 81 82 83 84 85 86 87 88 89 90 91 92 93 94 95 96 97 98 99 100 110 120 130 140 150 160 170 180 190 200 210 220 230 240 250 260 270 280 290 300 310 320 330 340 350 360 370 380 390 400 410 420 430 440 450 460 470 480 490 500 auf den Merkzettel DjuDju Mango-Bier DjuDju 330 ml € 2,79 (€ 8,45/l) (16) 2 4 6 8 10 12 14 16 18 20 22 24 26 28 30 32 34 36 38 40 42 44 46 48 50 52 54 56 58 60 62 64 66 68 70 72 74 76 78 80 82 84 86 88 90 92 94 96 98 100 110 120 130 140 150 160 170 180 190 200 210 220 230 240 250 260 270 280 290 300 310 320 330 340 350 360 370 380 390 400 410 420 430 440 450 460 470 480 490 auf den Merkzettel Kokosmilch Chaokoh 250 ml € 1,50 (€ 6,00/l) (11) 1 2 3 4 5 6 7 8 9 10 11 12 13 14 15 16 17 18 19 20 21 22 23 24 25 26 27 28 29 30 31 32 33 34 35 36 37 38 39 40 41 42 43 44 45 46 47 48 49 50 51 52 53 54 55 56 57 58 59 60 61 62 63 64 65 66 67 68 69 70 71 72 73 74 75 76 77 78 79 80 81 82 83 84 85 86 87 88 89 90 91 92 93 94 95 96 97 98 99 100 110 120 130 140 150 160 170 180 190 200 210 220 230 240 250 260 270 280 290 300 310 320 330 340 350 360 370 380 390 400 410 420 430 440 450 460 470 480 490 500 auf den Merkzettel Rezensionen (8) Kategorien Haben Sie dieses Produkt probiert? Für Genießer die es süß mögen geschrieben am 26.08.2012 von einem Kunden aus Herzogenaurach Von Gourmondo bestätigter Kauf (Was ist das?) „Von Gourmondo bestätigter Kauf“ bestätigt, dass der Rezensent das rezensierte Produkt bei Gourmondo gekauft hat, bevor er es rezensierte. Ein sehr guter Guavensaft. Für mich der ideale Begleiter zu Asiatischen Speisen. Allerdings ist meine Empfehlung die Dose mit der gleichen Menge an guten stillen Wasser zu mischen. Pur ist er doch etwas arg süß. Leider bei Gourmondo sehr of vergriffen von daher am besten gleich ein paar Dosen mehr mit bestellen. Helfen Sie anderen Kunden mit Ihrer Meinung War diese Rezension für Sie hilfreich? Exotisch frisch geschrieben am 10.11.2011 von Bianca Gold Von Gourmondo bestätigter Kauf (Was ist das?) „Von Gourmondo bestätigter Kauf“ bestätigt, dass der Rezensent das rezensierte Produkt bei Gourmondo gekauft hat, bevor er es rezensierte. Exotisch frisch wie im Urlaub. Schmeckt fast wie frisch vom Baum gepflückt ;) Helfen Sie anderen Kunden mit Ihrer Meinung War diese Rezension für Sie hilfreich? Lieblingssaft geschrieben am 03.06.2011 von HoneyBunny Von Gourmondo bestätigter Kauf (Was ist das?) „Von Gourmondo bestätigter Kauf“ bestätigt, dass der Rezensent das rezensierte Produkt bei Gourmondo gekauft hat, bevor er es rezensierte. Süß, exotisch, wie im Urlaub! Ob pur oder mit Wasser - von diesem Saft habe ich immer einen Vorrat. Helfen Sie anderen Kunden mit Ihrer Meinung War diese Rezension für Sie hilfreich? Absolut TOP! geschrieben am 20.05.2011 von Orest Kremer Von Gourmondo bestätigter Kauf (Was ist das?) „Von Gourmondo bestätigter Kauf“ bestätigt, dass der Rezensent das rezensierte Produkt bei Gourmondo gekauft hat, bevor er es rezensierte. Dieser Guave - Saft ist der Beste, den wir je getrunken haben. Schon der erste Schluck war ein Hochgenuss! Eisgekühlt, im Glas oder direkt aus der Büchse, pur oder gemixt - egal- hier kann man nichts falsch machen. Der Zuckergehalt ist gerade richtig, frisch und fruchtig. Urlaubsfeeling für zu Hause garantiert und nur zu empfehlen. Kinder und Freunde denen wir den Guavesaft auch schon servierten sagten einhellig: KLASSE-schmeckt super! Leider sind die Büchsen zu schnell leer.... man kann danach süchtig werden. ;-) Helfen Sie anderen Kunden mit Ihrer Meinung War diese Rezension für Sie hilfreich? 0 von 0 Kunden fanden folgende Rezension hilfreich: Panchy Guaven-Fruchtsaftgetränk (250ml Dose) geschrieben am 07.09.2009 von einem Kunden aus Bahretal Von Gourmondo bestätigter Kauf (Was ist das?) „Von Gourmondo bestätigter Kauf“ bestätigt, dass der Rezensent das rezensierte Produkt bei Gourmondo gekauft hat, bevor er es rezensierte. hat gut geschmeckt Helfen Sie anderen Kunden mit Ihrer Meinung War diese Rezension für Sie hilfreich? 1 von 1 Kunden fanden folgende Rezension hilfreich: lecker geschrieben am 28.06.2008 von einem Kunden aus Baunatal Es schmeckt fruchtig süß. Eiskalt einfach klasse. Kann ich nur empfehlen. Der einzige Nachteil ist der Zucker. Er kann den Geschmack ein wenig verdecken, was ich persönlich schade finde. Ein bisschen weniger Zucker hätte auch gereicht, ist aber nicht so schlimm. Darum auch nur 4 von 5 Sternen. Helfen Sie anderen Kunden mit Ihrer Meinung War diese Rezension für Sie hilfreich? einfach nur gut geschrieben am 26.09.2007 von einem Kunden aus Linkenheim Von Gourmondo bestätigter Kauf (Was ist das?) „Von Gourmondo bestätigter Kauf“ bestätigt, dass der Rezensent das rezensierte Produkt bei Gourmondo gekauft hat, bevor er es rezensierte. Hab schon mehrere Guavensäfte probiert, aber keines hat mich so begeistert wie dieses. Angenehm süsser Geschmack, leichte fruchtige Konsistenz. Gekühlt sehr erfrischend und auch zum Mixen geeignet :) Helfen Sie anderen Kunden mit Ihrer Meinung War diese Rezension für Sie hilfreich? Sehr lecker!!! geschrieben am 20.09.2005 von einem Kunden aus Berlin Von Gourmondo bestätigter Kauf (Was ist das?) „Von Gourmondo bestätigter Kauf“ bestätigt, dass der Rezensent das rezensierte Produkt bei Gourmondo gekauft hat, bevor er es rezensierte. Dieses Guaven-Fruchtsaftgetränk ist ein sehr leckerer alkoholfreier Drink für einen netten (geselligen) Abend. Gekühlt besonders sehr gut und daher fünf Sterne von mir!!! Helfen Sie anderen Kunden mit Ihrer Meinung War diese Rezension für Sie hilfreich? Durchschnittliche Kundenbewertung ( 8 Kundenrezensionen) 8 Rezensionen 5 Sterne  (6) 4 Sterne  (2) 3 Sterne  (0) 2 Sterne  (0) 1 Stern  (0) > Kategorien > Wasser, Limonaden, Energy Drinks & Säfte > Säfte > Kategorien > Obst & Gemüse > Säfte > Themen & Saisonales > Grillen > Getränke zum Grillen > Länder > Chinesische und südostasiatische Küche > Wasser & Erfrischungsgetränke aus Asien > Kategorien > Wasser, Limonaden, Energy Drinks & Säfte > Säfte > andere Fruchtsäfte > Kategorien > Obst & Gemüse > Säfte > andere Fruchtsäfte > Wasser, Limonaden, Säfte, Sirups Kategorien Wein Champagner & Prosecco Spirituosen & Bier Wasser, Limonaden, Energy Drinks & Säfte Kaffee Tee, Kakao & Milch Gewürze, Salz, Essig & Öl Bio-Sortiment Pasta, Reis, Brot, Mehl & Hülsenfrüchte Trüffel, Lachs, Kaviar, Pasteten & Räucherfisch Fleisch, Schinken & Wurst Käse, Butter, Milch Obst & Gemüse Schokolade, Knabbereien & Gebäck Antipasti, Tapas, Oliven Konserven Brotaufstrich, Honig & Müsli Saucen, Senf, Pesto, Marinaden Suppen & Fertiggerichte Küche, Bar & Tisch Themen & Saisonales Länder Zuletzt angesehen   Gourmondo Über Gourmondo Unternehmensfilm Jobs Presse Partnerprogramm Markenverzeichnis Kundenservice Versandkosten & Lieferung Zahlungsarten Kundenservice & Kontakt Produktwünsche Widerrufsrecht Kundenservice Hotline: Telefon: 0511-961 591 38 (Mo.-Fr. 9.00 - 18.00 Uhr) Empfehlen Sie uns: Facebook Twitter Bio-Zertifikat Gourmetblog Slow Food Förderer Wie möchten Sie bezahlen? * Alle Preise inkl. gültiger MwSt. und ggf. zzgl. Versandkosten Unter einem Bestellwert von 29,90,- € nur 4,90 € Versandkosten. Der Mindestbestellwert beträgt 20,-€. Bei Lieferungen mit kühlpflichtigen Frischeprodukten fällt pro Bestellung ein Frischezuschlag in Höhe von 3,- € an. Sparen Sie sich die Liefergebühren mit unseren Versandkostenflatrates! Schon ab € 29,00 im Jahr brauchen Sie keine Versandkosten mehr bezahlen. Lernen Sie mehr über unsere Flatrates und sparen Sie mit jedem Einkauf. Hier klicken. Impressum | AGB | Datenschutz | Gesetzliche Informationen | © 2002-2014, Gourmondo Food GmbH. Gourmondo ist ein eingetragenes Markenzeichen. loading....... schliessen [ x ] Weitershoppen Zum Warenkorb schließen [ X ] ","title":"Guaven-Fruchtsaftgetränk kaufen | gourmondo.de\n\t\t","desc":"Aromatischer Guaven-Nektar für Cocktails oder den kleinen Durst zwischendurch. Fruchtig, spritzig, exotisch- original thailändisch.","details":{"length":22357,"language":"de","date":"2014/10/31 16:18:36","type":"text/html","country":""},"crawling":{"duration":"1","date":"2014/10/31 16:18:36"},"metas":[{"name":"language","value":"deutsch, de"},{"name":"author","value":"Gourmondo Food GmbH"},{"name":"publisher","value":"Gourmondo Food GmbH"},{"name":"copyright","value":"Gourmondo Food GmbH"},{"name":"page-type","value":"Shop"},{"name":"fb:admins","value":"279574660854"},{"name":"keywords","value":"Panchy Guaven-Fruchtsaftgetränk(250ml Dose), Panchy, Guave, Thailand, Guave"},{"name":"description","value":"Aromatischer Guaven-Nektar für Cocktails oder den kleinen Durst zwischendurch. Fruchtig, spritzig, exotisch- original thailändisch."},{"name":"og:title","value":"Guaven-Fruchtsaftgetraenk - entdeckt bei gourmondo.de"},{"name":"og:image","value":"http://www.gourmondo.de/medias/sys_master/8796919824414/1000407001.jpg"},{"name":"audience","value":"Alle"},{"name":"revisit-after","value":"after 2 days"},{"name":"generator","value":"Hybris"},{"name":"robots","value":"index,follow"}],"uri":{"protocol":"http","domain":"de.gourmondo.","url":"http://gourmondo.de/g/product/1000407001/guaven-fruchtsaftgetraenk.jsf?et=e23td9&et_cid=15&et_lid=345506&et_sub=personalized_detail&productid=1000773901/guarana-original+antarctica"}}},{"_index":"de_content_201410","_type":"resourceQ","_id":"http://icq-tools.de/burningboard/index.php?page=user&s=844efb7ede595e302eed1d53f54c440e529084fe&userid=79455","_score":1.0, "_source" : {"body":" Sie sind nicht angemeldet. Anmelden Registrieren Sprache ändern Dänisch Deutsch Deutsch (Anrede »Du«) Englisch Französisch Kroatisch Italienisch Portugiesisch (Brasilien) Schwedisch Türkisch Erweiterte Suche Forum Mitglieder Ein Service von: ICQ Help » Mitglieder » Profil von »rehhtt25ds« Lieber Besucher, herzlich willkommen bei: ICQ Help. Falls dies Ihr erster Besuch auf dieser Seite ist, lesen Sie sich bitte die Hilfe durch. Dort wird Ihnen die Bedienung dieser Seite näher erläutert. Darüber hinaus sollten Sie sich registrieren, um alle Funktionen dieser Seite nutzen zu können. Benutzen Sie das Registrierungsformular, um sich zu registrieren oder informieren Sie sich ausführlich über den Registrierungsvorgang. Falls Sie sich bereits zu einem früheren Zeitpunkt registriert haben, können Sie sich hier anmelden. Durch die Umstellung der Foren-Software ist ein Login mit dem bisherigen Passwort nicht mehr moeglich. Wir bitten daher alle Nutzer, die im alten Forum bereits ein Benutzerkonto registriert hatten, sich ein neues Passwort zuschicken zu lassen. Danke! rehhtt25ds Registrieren Sie sich jetzt! Sie müssen sich registrieren, um eine Verbindung mit diesem Benutzer herzustellen. Über mich Der Benutzer hat keine Beschreibung über sich angegeben. Zum Seitenanfang Kontakt E-Mail-Adresse E-Mail an »rehhtt25ds« senden vCard rehhtt25ds Allgemeine Informationen Registrierungsdatum 14.12.2013, 06:14 Letzte Aktivität Heute, 14:15 Profil-Aufrufe 63 ( Aufrufe pro Tag) Beiträge 244 (1,21 Beiträge pro Tag) Hilfe 03.07.2014, 17:29 Zum Seitenanfang Forensoftware: Burning Board® Lite 2.1.1, entwickelt von WoltLab® GmbH Dauerhaft angemeldet bleiben? ","title":"Profil von »rehhtt25ds« - Mitglieder - ICQ Help","desc":null,"details":{"length":1661,"language":"de","date":"2014/10/31 16:18:37","type":"application/xhtml+xml","country":""},"crawling":{"duration":"1","date":"2014/10/31 16:18:37"},"metas":[{"name":"description","value":""},{"name":"keywords","value":""}],"uri":{"protocol":"http","domain":"de.icq-tools.","url":"http://icq-tools.de/burningboard/index.php?page=user&s=844efb7ede595e302eed1d53f54c440e529084fe&userid=79455"}}},{"_index":"de_content_201410","_type":"resourceQ","_id":"http://salenso.de/catalogsearch/result/index/?cat=98&condition=32&manufacturer=9&q=lg+fernseher+2d+zu+3d","_score":1.0, "_source" : {"body":" Salenso GmbH - Logo 0551-2054941-0 Mo.-Fr. 9-17 Uhr Kontaktformular Fragen oder Anregungen? Benutzerkonto Wunschzettel Anmelden Registrieren   Mein Warenkorb Ihr Warenkorb ist leer. Sie haben keine Artikel im Warenkorb. Home TV & Audio Fernseher 3D Fernseher LED Fernseher LCD Fernseher Plasma Fernseher Hi-Fi / Heimkino DVD / Blu-Ray Player Zubehör Kopfhörer Car - HiFi Beamer Computer PC-Systeme Monitore Hardware Arbeitsspeicher Netzteile Grafikkarten Mainboard Laufwerke & Brenner Prozessoren Speichermedien Interne Festplatten 2,5\" Externe Festplatten 2,5 \" Externe Festplatten 3,5 \" Speicherkarten USB-Sticks Interne Festplatten 3,5\" Drucker / Scanner Notebooks Tablets Spielkonsolen Zubehör Foto & Mobil Digitalkameras Camcorder Handys Telefone Navigation Zubehör Digitale Fotorahmen MP3 / MP4 Player Diktiergeräte Heim & Freizeit Geschirrspüler Haus / Gartenwerkzeug Kaffee- / Espressomaschinen Kleine Küchengeräte Kochen / Backen Beauty & Wellness Koffer / Gepäck Kühlen / Gefrieren Sportartikel Waschen / Trocknen Heizen / Klima Gesundheit Outdoor & Camping Zubehör für Großgeräte Kinderwelt Spielzeug Kinderwagen Unterwegs Kindersicherheit Suche: Suche Home / Suchergebnisse für: 'lg Fernseher 2D zu 3D' Suchergebnisse für 'lg Fernseher 2D zu 3D' 5 Artikel Sortieren nach Relevanz Name Preis Neu In aufsteigender Reihenfolge Zeige 15 30 50 Alle Wie Neu -19%* Samsung Serie 5 Chronos NP570Z5E-S03DE N... 725,00 € Regulärer Preis: 899,00 € Inkl. 19% MwSt., zzgl. Versandkosten 3,35 kg (DHL Paket) In den Warenkorb Auf den Wunschzettel | Auf die Vergleichsliste Wie Neu -20%* Samsung Slate PC Serie 7 XE700T1A-A01DE ... 599,00 € Regulärer Preis: 750,00 € Inkl. 19% MwSt., zzgl. Versandkosten 3,05 kg (DHL Paket) In den Warenkorb Auf den Wunschzettel | Auf die Vergleichsliste Wie Neu -57%* Samsung Galaxy Tab GT-P1000 (16 GB) 3G T... 129,00 € Regulärer Preis: 299,00 € Inkl. 19% MwSt., zzgl. Versandkosten 0,80 kg (DHL Paket) In den Warenkorb Auf den Wunschzettel | Auf die Vergleichsliste Wie Neu -23%* Samsung Serie 5 NP540U3C-A01DE Notebook 675,00 € Regulärer Preis: 880,00 € Inkl. 19% MwSt., zzgl. Versandkosten 2,70 kg (DHL Paket) In den Warenkorb Auf den Wunschzettel | Auf die Vergleichsliste Wie Neu -23%* Samsung Slate PC Serie 7 XE700T1A-H01DE ... 574,00 € Regulärer Preis: 750,00 € Inkl. 19% MwSt., zzgl. Versandkosten 3,00 kg (DHL Paket) In den Warenkorb Auf den Wunschzettel | Auf die Vergleichsliste 5 Artikel Sortieren nach Relevanz Name Preis Neu In aufsteigender Reihenfolge Zeige 15 30 50 Alle Filtern nach Filtern nach: Alles entfernen Diesen Artikel entfernen Kategorie: Computer Diesen Artikel entfernen Hersteller: Samsung Diesen Artikel entfernen Zustand: Wie Neu Alles entfernen Einkaufsoptionen Kategorie Notebooks (4) Tablets (3) Zollgröße 11.6 Zoll (2) 13.3 Zoll (1) 15.6 Zoll (1) 7 Zoll (1) Artikel vergleichen Sie haben keine Artikel auf der Vergleichsliste. Kontakt Impressum Datenschutz AGB Widerrufsbelehrung Zahlung Versand Presse Bestellvorgang Beliebte Suchanfragen Erweiterte Suche Wir bieten Ihnen hochwertige Produkte zu günstigen Preisen Hohe Datensicherheit dank neuster Technologien Kompetenter Kundesupport per Mail oder Telefon   Abonnieren ** Ihre Daten werden vertraulich behandelt. Abmelden jederzeit möglich.     Kundenservice Hilfe Kontakt Zahlung Versand Bestellvorgang Garantie und Gewährleistung Widerrufsbelehrung Über Salenso Über uns B2B / Kooperation Impressum AGB Datenschutz Presse Festnetz-Hotline 0551-2054941-0 Mo. - Fr. 9-17 Uhr E-Mail Service Kontaktformular   * Prozentangaben und Preisgegenüberstellungen beziehen sich auf die unverbindliche Preisempfehlung des Herstellers (UVP). Existiert eine solche nicht, beziehen sich die Angaben auf den durchschnittlichen Marktpreis im Einzelhandel.   Kontaktieren Sie uns: Tel. 0551-2054941-0 (Festnetz, Montags bis Freitags 9-17 Uhr) oder nutzen Sie auch unser Kontaktformular. ","title":"Suchergebnisse für: 'lg Fernseher 2D zu 3D'","desc":"Default Description","details":{"length":3894,"language":"de","date":"2014/10/31 16:18:35","type":"application/xhtml+xml","country":""},"crawling":{"duration":"1","date":"2014/10/31 16:18:35"},"metas":[{"name":"description","value":"Default Description"},{"name":"keywords","value":"Salenso, Outlet, Online-Shop"},{"name":"robots","value":"INDEX,FOLLOW"}],"uri":{"protocol":"http","domain":"de.salenso.","url":"http://salenso.de/catalogsearch/result/index/?cat=98&condition=32&manufacturer=9&q=lg+fernseher+2d+zu+3d"}}},{"_index":"de_content_201410","_type":"resourceQ","_id":"http://bordeauxdoggen-freunde.de/forum/viewtopic.php?f=30&sid=fc01fed83f975e96bccfc2e6d0749add&t=678","_score":1.0, "_source" : {"body":" Zum Inhalt Erweiterte Suche Foren-Übersicht ‹ Unsere Hunde ‹ Ernährung Ändere Schriftgröße Druckansicht FAQ Registrieren Anmelden Hunde-Ernährung - Checkliste Alles Rund um die Ernährung Moderator: Forenteam Antwort erstellen 1 Beitrag • Seite 1 von 1 Hunde-Ernährung - Checkliste von katja » Mi 5. Mai 2010, 12:38 Was Hunde fressen dürfen: • Rindfleisch • Geflügelfleisch • Lammfleisch • Pferdefleisch • Kaninchenfleisch • Wild (außer Wildschwein) • Fisch • Straußenfleisch • Elchfleisch • Kohlsorten (in Maßen) • lactosereduzierte Milch • Quark • Dickmilch • Küchenkräuter (Oregano, Majoran, Petersilie usw.) • Hüttenkäse • Eier und Eierschalen • älteres Brot • Nudeln • Nüsse (in Maßen) • gekochte Kartoffeln • Möhren • Kohlrabi • grüne Salate und Löwenzahn • Spinat • Äpfel • Birnen • Bananen • entsteinte Pflaumen (in Maßen) • Artischocke • Chircorre • Fenchel • Salatgurken • Sellerie • Kürbis • Mais • Mangold • rote und gelbe Paprika • Pastinake • rote Beete • Rüben • Spargel • Zucchini Dass mir der Hund das Liebste ist, sagst Du, Oh Mensch, sei Sünde. Der Hund bleibt Dir im Sturme treu, der Mensch nicht mal im Winde. Liebe Sabbergrüße von den Hessen, Katja, Andy, Aaron und Luke und mein geliebter Cartusch hinter der Regenbogenbrücke katja BX-Wahnsinniger   Beiträge: 7482 Registriert: Sa 20. Feb 2010, 14:37 Wohnort: Bad Soden-Salmünster Nach oben Antwort erstellen 1 Beitrag • Seite 1 von 1 Zurück zu Ernährung Gehe zu: Wähle ein Forum aus ------------------ NEWS    Ankündigungen & Neuigkeiten    Vorstellecke Allgemeines    Fotos / Videos    Gemischtes    Schlemmerecke    Reiseecke    Umfrageecke Unsere Hunde    Die Bordeauxdogge    Geburtstage unserer Hunde    Steckbriefe unserer Hunde    HP´s unserer Foris    Tierarztempfehlungen    Gesundheit    Ernährung    Rund um unsere Sabberbacken    Erziehung    Geschichten & Gedichte Medien    Giftwarnungen    Rechtliches    Presse Treffen & Shows    Treffen    Shows & Resultate Tipps & Tricks    Kamera & Fotographie    Verkaufen & Tauschen Nothunde    Ich suche ein Zuhause    Ich habe ein Zuhause gefunden Dein Bester Freund    Die Regenbogenbrücke    Sternenhimmel Archiv    Fotowettbewerbs-Archiv Wer ist online? Mitglieder in diesem Forum: 0 Mitglieder und 1 Gast Foren-Übersicht Das Team • Alle Cookies des Boards löschen • Alle Zeiten sind UTC + 1 Stunde Powered by phpBB © 2000, 2002, 2005, 2007 phpBB Group and by Marc Alexander © 2007 - 2010 Deutsche Übersetzung durch phpBB.de ","title":"www.bordeauxdoggen-freunde.de • Thema anzeigen - Hunde-Ernährung - Checkliste","desc":null,"details":{"length":2459,"language":"de","date":"2014/10/31 16:18:35","type":"application/xhtml+xml","country":""},"crawling":{"duration":"1","date":"2014/10/31 16:18:35"},"metas":[{"name":"resource-type","value":"document"},{"name":"distribution","value":"global"},{"name":"copyright","value":"2007 - 2010 Marc Alexander"},{"name":"keywords","value":""},{"name":"description","value":""}],"uri":{"protocol":"http","domain":"de.bordeauxdoggen-freunde.","url":"http://bordeauxdoggen-freunde.de/forum/viewtopic.php?f=30&sid=fc01fed83f975e96bccfc2e6d0749add&t=678"}}},{"_index":"de_content_201410","_type":"resourceQ","_id":"http://hoerzu.de/tv-programm/harriet-spionage-aller-art/","_score":1.0, "_source" : {"body":" Hörzu TV-Programm TV-Tipps Gewinnspiele Shop Abo Suchen Follow us on Twitter Facebook Google+ Gestern heute Mo Di Mi Do Fr Sa Nächste Woche « 5:00 7:00 8:00 10:00 12:00 14:00 16:00 18:00 19:00 20:15 22:00 00:00 » 20:15 Nacht Jetzt 4-Spaltenansicht Das aktuelle TV-Programm von heute 20:15 Uhr Normale Sortierung Senderauswahl von A-Z Sky T-Entertain Kabel Pay-TV «Sender zurück Sender vor » Das Erste Live sehen Polizeiruf 110 20:15 TV-Krimi D 2014 Günther Jauch 21:45 Tagesthemen 22:45 ttt - titel thesen temperamente 23:00 Männer al dente 23:30 Tagesschau 01:18 Crossing Over - Der Traum von Amerika 01:20 ZDF Live sehen Dora Heldt: Kein Wort zu Papa 20:15 Komödie D 2012 heute-journal 21:45 \"Carmen\" aus der Arena von Verona 22:00 heute 23:40 Das Konzert 23:45 Frag den Lesch 01:40 Terra X 01:55 RTL Live sehen Stirb langsam - Jetzt erst recht 20:15 Thriller USA 1995 Spiegel TV Magazin 22:40 Stirb langsam - Jetzt erst recht 23:25 Exclusiv - Weekend 01:45 Die Schulermittler 02:55 Die Trovatos - Detektive decken auf 03:20 Verdachtsfälle 04:20 Sat.1 Live sehen Navy CIS 20:15 Krimiserie USA 2008 Navy CIS 21:15 NCIS: Los Angeles 22:15 Navy CIS: L.A. 23:10 Steven liebt Kino - Spezial 00:10 News & Stories 00:25 So gesehen 01:14 ProSieben Live sehen Cowboys und Aliens 20:15 SciFi-Actionfilm USA | IND 2011 Underworld Awakening 22:45 Cowboys und Aliens 00:25 Underworld Awakening 02:40 Eine schrecklich nette Familie 04:10 Eine schrecklich nette Familie 04:35 Eine schrecklich nette Familie 04:55 kabel eins Live sehen Wo ist Fred 20:15 Komödie D 2006 Abenteuer Leben 22:35 Mein Revier 00:25 Wildgänse 2 02:35 Toto & Harry - Die Zwei vom Polizeirevier 04:30 Toto & Harry - Die Zwei vom Polizeirevier 04:55 Die Super-Heimwerker 05:15 RTL II Live sehen Honey 20:15 Musikdrama USA 2003 8 Mile 22:05 Das Nachrichtenjournal 00:15 8 Mile 00:45 Honey 02:35 Glitter - Glanz eines Stars 04:00 Grip - Das Motormagazin 05:35 VOX Live sehen Promi Shopping Queen 20:15 Stylingshow D Prominent! 23:20 Ab ins Beet! 00:10 Abgewürgt und ausgebremst 01:10 Goodbye Deutschland! Die Auswanderer 02:00 Medical Detectives - Geheimnisse der Gerichtsmedizin 03:35 Medical Detectives - Geheimnisse der Gerichtsmedizin 04:25 Arte Live sehen In & Out - Rosa wie die Liebe 20:15 Komödie USA 1997 Rock Hudson - Schöner fremder Mann 21:40 Fünf Tage in New York 23:15 Kodo - Die Teufelstrommler 00:10 Thielemann dirigiert Brahms 01:05 Futuremag 02:50 Krieg der Patente 03:30 3sat Live sehen Schleswig-Holstein Musik Festival 2014 20:15 Konzert 2014 Schätze der Welt - Erbe der Menschheit 22:00 Polizeiruf 110 22:15 Polizeiruf 110 23:35 Polizeiruf 110 00:45 Polizeiruf 110 02:10 Eine halbe Ewigkeit 03:40 NDR Live sehen Schweden auf die norddeutsche Tour 20:15 Reisereportage D | S 2014 Wer hat's gesehen? 21:45 Büttenwarder op Platt 22:30 Büttenwarder op Platt 22:55 Neues aus Büttenwarder 23:20 Büttenwarder - Deine Fans 23:45 U-571 00:15 WDR Live sehen Wunderschön! 20:15 Dokumentation D 2014 Gags am laufenden Band 21:45 Lachgeschichten 22:15 CSD 2014 23:00 Sascha Grammel Solo: Hetz mich nicht! 23:30 Rockpalast 00:30 Sascha Grammel Solo: Hetz mich nicht! 02:30 MDR Live sehen Sommer war's 20:15 Regionaldoku D 2014 MDR aktuell 21:45 Olaf verbessert die Welt! 22:00 Fliegen lernen 22:45 Moderne Kreuzfahrer 00:15 SachsenSpiegel kompakt 01:45 Sachsen-Anhalt heute kompakt 01:47 BR Live sehen BR-Klassik 20:15 Klassische Musik D 2014 Kino Kino Extra 23:00 Der Mann im weißen Anzug 23:30 Startrampe 00:50 Mit den Augen der Seele 01:20 herzhaft und süß 01:25 Die letzten Paradiese 01:55 SWR Live sehen Sommer auf dem Land - Erinnerungen ans Dorfleben im Südwesten 20:15 Regionaldoku D 2013 SWR Landesschau aktuell 21:45 Das Superweib 21:47 Mein Traum von Venedig 23:10 Das Superweib 00:40 Menschen der Woche 02:05 Auf Achse 03:20 HR Live sehen Apfelweinfest 2014 20:15 Musik D 2014 Triathlon: Ironman European Championship 21:45 Das große Hessenquiz 22:00 Dings vom Dach 22:45 strassen stars 23:30 Wer weiss es? 00:00 Ich trage einen großen Namen 00:45 RBB Live sehen Tropische Traumziele 20:15 Reisen 2012 rbb aktuell 21:45 Nordisch herb 22:00 Nordisch herb 22:50 Jede Sekunde zählt - Mindhunters 23:40 Lindenstraße 01:15 Weltspiegel 01:45 Phoenix Live sehen Wie die alten Ägypter übers Meer fuhren 20:15 Dokumentation F 2009 Abschottung und Alpenglühen 21:45 Abenteuer Linienbus 22:30 Die Holzlüge 23:15 Karlsruher Verfassungsgespräch 00:00 Wie die alten Ägypter übers Meer fuhren 01:00 Sardinien 02:35 ARD alpha Live sehen BR-Klassik 20:15 Klassische Musik D 2013 Meisterwerke der klassischen Musik 21:10 Interjazzo 21:40 Die Fernsehtruhe 21:45 Walter Scheel 22:40 Die Fernsehtruhe extra 23:25 Die Tagesschau vor 25 Jahren 00:10 N24 Live sehen Kein Entkommen - Russlands modernster Knast 20:05 Auslandsdoku D 2011 Interview mit einem Killer 21:05 Gehorsam - Das Experiment 22:00 N24 Zeitreise mit Stefan Aust 23:00 Der Nostradamus-Effekt 23:55 Kein Entkommen - Russlands modernster Knast 00:50 Interview mit einem Killer 01:35 n-tv Live sehen Mega-Maschinen 20:05 Dokureihe USA 2010 Nachrichten 21:00 Mega-Maschinen 21:05 Nachrichten 22:00 Mega-Maschinen 22:05 Nachrichten 23:00 Wissen 23:10 Euronews Live sehen Spätnachrichten 20:00 Nachrichten D | F Spätnachrichten 22:00 Spätnachrichten 00:00 Late Night Insight 02:00 Frühstücksfernsehen 06:00 News & Lifestyle 11:00 Mittagsnachrichten 13:00 Disney Channel Live sehen Gilmore Girls 20:15 Familienserie USA 2002 Gilmore Girls 21:05 Everwood 21:55 Alle lieben Raymond 22:45 Alle lieben Raymond 23:10 Die Muppet Show 23:35 Die Muppet Show 00:05 Sixx Live sehen Casanova 20:15 Historienkomödie USA | I 2005 Zeit der Unschuld 22:10 Casanova 00:40 Zeit der Unschuld 02:20 Mein perfektes Hochzeitskleid! - Atlanta 04:30 The Guardian - Retter mit Herz 04:55 Diagnose: Mord 05:40 sixx Austria Live sehen Casanova 20:15 Historienkomödie USA | I 2005 Zeit der Unschuld 22:10 Casanova 00:40 Zeit der Unschuld 02:20 Mein perfektes Hochzeitskleid! - Atlanta 04:30 The Guardian - Retter mit Herz 04:55 Diagnose: Mord 05:40 Servus TV Live sehen Nordamerika: Die verborgene Welt der Großen Seen 20:15 Dokumentation D | GB 2011 Die Eroberer 21:15 Kopernikus - Rätsel der Galaxis 22:15 Der steile Weg nach oben 23:15 Nordamerika: Die verborgene Welt der Großen Seen 00:50 Die Eroberer 01:40 Kopernikus - Rätsel der Galaxis 02:30 RTL NITRO Live sehen CSI: Miami 20:15 Krimiserie USA 2007 CSI: NY 21:10 CSI - Las Vegas 22:05 Law & Order 23:00 CSI: Miami 23:50 CSI: NY 00:40 CSI - Las Vegas 01:25 Tele 5 Live sehen Lucky Luke - Der einsame Cowboy 20:15 Westernkomödie RA | F 2009 Crash Dive 22:25 Michael Dudikoff: Black Thunder - Die Welt am Abgrund 00:15 Lost Memory 02:00 Killer-Krokodil II - Die Mörderbestie 03:30 Relic Hunter - Die Schatzjägerin 05:05 Leider geile Werbeclips! 05:50 joiz Live sehen Living Room 19:30 Musiktalk D Living Room 20:30 online noiz 21:30 Living Room 22:00 Living Room 23:00 online noiz 00:00 joiZone 00:30 Nickelodeon / Comedy Central Live sehen Family Guy 20:10 Zeichentrickserie USA 2007 Family Guy 20:40 South Park 21:05 South Park 21:35 Workaholics 22:00 Workaholics 22:30 The Office 23:00 Super RTL Live sehen Upps! Die Pannenshow 20:15 Pannenshow D 2006 Gekauft! Die lustigsten Werbespots der Welt 22:05 Gekauft! Die lustigsten Werbespots der Welt 23:00 Dharma & Greg 00:00 Shop24Direct Schlagernacht 00:30 Nachtprogramm 03:55 Marla spricht! 06:00 KiKA Live sehen How to Be Indie - Wie ich lerne, ich zu sein 20:00 Jugendserie CDN 2009 Baxter 20:25 Sturmfrei 20:45 Sendeschluss 21:00 logo! Die Welt und ich 06:00 Oiski! Poiski! - Neues von Noahs Insel 06:10 Prinzessin Lillifee 06:35 RiC Live sehen Mediashop 20:15 Werbesendung Riesenärger mit Ralf 06:00 Riesenärger mit Ralf 06:10 Marvin, das steppende Pferd 06:30 Marvin, das steppende Pferd 06:43 Die magischen Zahnfeen 07:00 Die magischen Zahnfeen 07:15 Eurosport Live sehen Speedway: EM 19:00 Motorradsport D 2014 Copacabana: Das Eurosport-WM-Studio 22:00 Superbike: WM 22:30 Supersport: WM 23:15 Superbike: WM 23:45 Motorsport Weekend Magazin: Die Entscheidungen vom Samstag und Sonntag 00:30 Radsport: Tour de France 00:45 SPORT1 Live sehen Die PS-Profis - Mehr Power aus dem Pott 20:00 Tuningshow D Die PS-Profis - Mehr Power aus dem Pott 21:00 Formel 1: Großer Preis von Großbritannien 22:00 Die Werkstatt-Helden 23:00 Die Werkstatt-Helden 23:30 Die Rene Schwuchow Show - 6 vor 12 23:54 Teleshopping 00:45 TLC Live sehen Buddy sucht den Super-Konditor 20:15 Dokusoap USA 2011 Mein Traum in Weiß 21:05 Mein Traum in Weiß 21:30 Breaking Amish 21:55 Die Hochzeitsinsel 22:45 Breaking Amish 22:50 Buddy sucht den Super-Konditor 23:40 Film Serie Sport Tipp Zum WM-Tippspiel Hörzu TV-Programm Das TV-Programm von hoerzu.de bietet den besten Überblick im Fernsehprogramm. Hier finden Sie alle Filme, Serien, Reportagen und Sendungen, die jetzt oder in Zukunft zu jeder Tageszeit im TV laufen. Durch unsere einfache Navigation bewegen Sie sich schnell durch alle Sender im TV-Programm, ohne von langen Ladezeiten aufgehalten zu werden. Das Fernsehprogramm heute 20.15 nach Sendern Haben Sie Sky oder T-Entertain abonniert? Oder nutzen Sie Kabel Deutschland/Unitymedia? Kein Problem, auf Hörzu erhalten Sie durch nur einen Klick alle Sender Ihres Paketes auf einen Blick und sehen das TV-Programm für heute Abend nur von den Sendern, die Sie auch wirklich interessieren. Insgesamt bietet Hörzu mit über 170 Sendern die ganze Vielfalt des deutschen Fernsehprogramms von A wie Arte bis Z wie ZDF. So finden Sie Ihr Fernsehprogramm Wenn Sie wissen wollen, was jetzt, um 20:15 Uhr oder heute Nacht im Fernsehen läuft, sind Sie hier also genau richtig. Von Tatort, bis zu Das perfekte Dinner, hier finden Sie alles, was sich im aktuellen TV-Programm abspielt. Wählen Sie dazu einfach Ihren gewünschten Tag und die Uhrzeit aus und Sie erhalten 12 Sender auf einem Blick. Mit nur einem Klick auf \"Sender vor\" gelangen Sie schnell zu weiteren Sendern des gewünschten TV-Programms. Wenn Sie sich für eine Sendung im Fernsehprogramm interessieren, erhalten Sie mittels eines Klicks weitere Kurz-Informationen in einem kleinen PopUp. Wollen Sie mehr erfahren, gehen Sie einfach auf \"Mehr Informationen\". So erhalten Sie Bewertungen, Alternative Sendeplätze, Bilder und Hintergrundinformationen zu den Schauspielern der TV-Programm-Sendung in einem großen PopUp. Haben Sie Interesse an Sendungen zu einem bestimmten Genre helfen Ihnen die Genre-Infos unter jeder Sendung garantiert weiter: Mit einem Klick gelangen Sie zur Genre-Übersicht und erfahren, welche Sendungen alle zu Ihrem Lieblingsgenre aktuell im TV-Programm laufen. Abonnement Impressum Kontakt Datenschutz Nutzungsbasierte Online-Werbung sitemap Zur Sendung Beschreibung Personen Galerie Alternative Sendeplätze Star Profil Star Programm Genre Serienprofil X ","title":"TV-Programm heute  - Das neue übersichtliche Fernsehprogramm","desc":"Finden Sie einfach die besten Sendungen im TV-Programm heute. Ihr Fernsehprogramm auf einen Blick mit Schnell-Info und über 150 Sendern.","details":{"length":10808,"language":"de","date":"2014/10/31 16:18:36","type":"application/xhtml+xml","country":""},"crawling":{"duration":"1","date":"2014/10/31 16:18:36"},"metas":[{"name":"content-language","value":"de"},{"name":"distribution","value":"global"},{"name":"description","value":"Finden Sie einfach die besten Sendungen im TV-Programm heute. Ihr Fernsehprogramm auf einen Blick mit Schnell-Info und über 150 Sendern."},{"name":"robots","value":"index,follow,noodp"}],"uri":{"protocol":"http","domain":"de.hoerzu.","url":"http://hoerzu.de/tv-programm/harriet-spionage-aller-art/"}}},{"_index":"de_content_201410","_type":"resourceQ","_id":"http://finanzmanager24.de/pkv/kontakt/impressum/images/ueber-uns/js/styleswitcher1.js","_score":1.0, "_source" : {"body":" Finanzmanager24 | Datenschutz | Kontakt Startseite Altersvorsorge Versicherungen Geldanlage Bauen & Wohnen Konto & Kredit Service Hier gelangen Sie zurück Startseite Private Rente | Riester Rente | Betriebliche Altersvorsorge | Basis Rente | Sofortrente | BU-Rente | Britische LV | Risiko-LV | Fondssparplan KFZ Versicherung | Haftpflicht | Hausrat | Wohngebäude | Rechtsschutz | Unfall | Krankenversicherung | Berufsunfähigkeit | Risikolebensversicherung Tagesgeld | Festgeld | Investmentfonds | Geschlossene Fonds | Bausparen Baufinanzierung | Bauspardarlehen | Riesterdarlehen | Immobilien Kreditkarte | Girokonto | Ratenkredit | Ratenschutz Schaden melden | Downloads | Kündigungsfristen Sie befinden sich hier: Finanzmanager24 / Startseite Schriftgröße A A Startseite Altersvorsorge Versicherungen Geldanlage Bauen & Wohnen Konto & Kredit Service Hilfe Downloads Ratgeber TOP Angebot Service- und Notfalltelefon Montag bis Freitag von 10.00 - 20.00 Uhr gebührenfrei unter Tel. 0800 80 800 24 Beratung Beratung auswählen Altersvorsorge Krankenversicheung Versicherungen Geldanlagen Baufinanzierung Bausparen Vergleich Vergleich auswählen -------------------- Privathaftpflicht Haftpflicht Hund Haftpflicht Pferd Hausrat Wohngebäude KFZ Versicherung Unfall Elektronik Schutz -------------------- Private Rente Fondsgeb. Rente Sofortrente Kapital LV Fondsgeb. LV LV Beitragsdepot Berufsunfähigkeit Risiko Leben Kinder Vorsorge -------------------- Private Kranken Krankenzusatz Gestzliche Kranken Auslandsreise -------------------- Bestattungsvorsorge Sterbegeld Pflegerente Unfallrente -------------------- Rechtsschutz Privat,Beruf-Verkehr Privat, Beruf Verkehr Gebäude & Mieter Versicherungsvergleich kostenlos und unabhängig Unisex-Tarife Seit Dezember 2012 gelten gleiche Tarife für Männer und Frauen Betroffen sind Kranken-, Leben-, Unfall-, Kfz-Versicherung Für Männer steigt der Beitrag in der Rentenversicherung, Pflegeversicherung, Krankenversicherung und BU Vergleichen und SPAREN! Sichern auch Sie sich für die Zukunft ab. Unser Versicherungsvergleich hilft Ihnen aus verschiedensten Angeboten für Altersvorsorge, private Krankenversicherung, private Rente und auch die Kfz Versicherung das für Ihre Bedürfnisse am besten geeignete Angebot zu finden. Unser Versicherungsvergleich ermöglicht Ihnen eine bequeme Suche aus ungefähr 300 verschiedenen Versicherungen. Vergleichen Sie sofort online oder lassen Sie sich die einzelnen Angebote zum Versicherungsvergleich zusenden. Neben unserem Tarifrechner stehen Ihnen bei Fragen rund um die Themen Altersvorsorge, private Krankenversicherung, private Rente und Kfz Versicherung unsere Spezialisten zur Verfügung. Telefonisch und auch vor Ort beraten Sie diese zum Versicherungsvergleich. Fordern Sie diese Beratung einfach und unkompliziert über unser Online-Formular an. Vergleich und unabhängige Beratung Riester Rente Riester Zulagen oder Steuern sparen - lassen Sie sich die Geschenke vom Staat nicht entgehen. jetzt vergleichen Private Krankenversicherung Gesetzlich oder Privat? Hier finden Sie den passende Vergleich. Verschaffen Sie sich schnell einen Überblick. jetzt vergleichen KFZ Versicherung Bis 30.11. KFZ Versicherung wechseln und bis 40% Beitrag sparen. Direkt online abschließen. jetzt vergleichen Private Rentenversicherung Private Vorsorge - Verfügbar, Flexibel mit Rendite und Sicherheit - für jede Lebensphase geeignet jetzt vergleichen Basis Rente Die Steuer-Spar Rente - als Fondsgebundene,klassiche Rente oder \"NEU\" der Fondssparplan. jetzt vergleichen Sparen Sparbuch oder Festgeld? Vergleich Tagesgeldkonto, Bausparen oder Investmentfonds - alles rund ums Sparen und Anlagen jetzt vergleichen Über uns | Site Map | Impressum | AGB | Jobs | Vertriebspartner | ©2013 Finanzmanager24 | zum Seitenanfang | Google | ","title":"Rentenversicherung - private Altersvorsorge Vergleich | Finanzmanager24Unbenanntes Dokument","desc":"Versicherungsvergleich bei Finanzmanager24 - Rentenversicherungen kostenlos vergleichen sowie Informationen und Beratung zur betrieblichen und privaten Altersvorsorge mit über 90 Renten-Anbietern.","details":{"length":3799,"language":"de","date":"2014/10/31 16:18:37","type":"application/xhtml+xml","country":""},"crawling":{"duration":"1","date":"2014/10/31 16:18:37"},"metas":[{"name":"description","value":"Versicherungsvergleich bei Finanzmanager24 - Rentenversicherungen kostenlos vergleichen sowie Informationen und Beratung zur betrieblichen und privaten Altersvorsorge mit über 90 Renten-Anbietern."},{"name":"keywords","value":"Versicherungsvergleich, Rentenversicherung, unabhängig, Anbieter, private Rente, Altersvorsorge, kostenlos, Vergleich, online, finanzmanager24,"},{"name":"copyright","value":"Finanzmanager24"},{"name":"abstract","value":"Versicherungsvergleich bei Finanzmanager24 - Rentenversicherung Vergleich kostenlos sowie Informationen und Beratung zur betrieblichen und privaten Altersvorsorge mit über 90 Renten-Anbietern."},{"name":"page-topic","value":"alle"},{"name":"page-type","value":"Beratung, Versicherungen, Altersvorsorge, Versicherungsvergleich, Rentenversicherung"},{"name":"audience","value":"alle"},{"name":"revisit","value":"after 1 days"},{"name":"robots","value":"index,follow"},{"name":"language","value":"de, at, ch"}],"uri":{"protocol":"http","domain":"de.finanzmanager24.","url":"http://finanzmanager24.de/pkv/kontakt/impressum/images/ueber-uns/js/styleswitcher1.js"}}},{"_index":"de_content_201410","_type":"resourceQ","_id":"http://haga-wohnideen.de/public/notepad.aspx?suid=11821&zid=bd8f4b2d-e24f-45bc-b5c8-c2a55920c247","_score":1.0, "_source" : {"body":" Startseite Versand Bestellung & Zahlung AGB Widerruf Datenschutz Impressum Kategorien DEKOVLIES FOTOTAPETEN KINDERWELT STÄDTE NATUR MODERN ART BLUMEN DEKOKISSEN ANTIBES CAPRI ST. TROPEZ NANDINE OSLO BODRUM SITZKISSEN ANTIBES CAPRI ST. TROPEZ NANDINE TEXTILPOSTER BLUMEN NATUR TIERE MODERN ART WINTER WEIHNACHTEN TISCHDECKEN ANTIBES CAPRI ST. TROPEZ NANDINE WACHSTUCH TISCHLÄUFER ANTIBES CAPRI ST. TROPEZ NANDINE TISCHSETS ANTIBES CAPRI ST. TROPEZ NANDINE WEIHNACHTSDEKO WEIHNACHTS-BÄUME Shopinfo Information Versand Bestellung & Zahlung Widerruf AGB Datenschutz Impressum Anmelden Email-Adresse: Passwort: Passwort vergessen? Neu hier? Startseite » Merkzettel Merkzettel Keine Artikel auf dem Merkzettel. Warenkorb Es sind keine Artikel im Warenkorb Merkzettel 0 Artikel auf dem Merkzettel Bestseller nur nur nur nur nur Zuletzt verkauft 1 x Outdoor KISSEN Kopfkissen Garten Dekokissen 47x47cm Hellgrün für nur 14,49 € (Preis inkl. 19% MwSt. zzgl. Versand) Versand Bestellung & Zahlung AGB Widerruf Datenschutz Impressum / Bildquellen Copyright © 2014 HaGa-Welt. - All rights reserved. Afterbuy 2.0 Engine © Design & Realisierung: Afterbuy-Shop","title":"Haga-Wohnideen : Merkzettel","desc":null,"details":{"length":1145,"language":"de","date":"2014/10/31 16:18:34","type":"application/xhtml+xml","country":""},"crawling":{"duration":"1","date":"2014/10/31 16:18:34"},"metas":[{"name":"author","value":"This OnlineStore is brought to you by ViA-Online GmbH Afterbuy. Information and contribution at http://www.afterbuy.de"},{"name":"robots","value":"noindex,nofollow"},{"name":"description","value":""},{"name":"keywords","value":"Unkrautvlies,Unkrautvernichter,Isolierfolie,Luftpolsterfolie,Gartenvlies,Noppenfolie,Maulwurfschutznetz,Bodengewebe,Schattiernetz,Unkrautschutzgewebe,Drainagevlies,Unkrautflies,Unkrautfolie,Mulchvlies,Maulwurfnetz,Maulwurfgitter,Rollrasen"}],"uri":{"protocol":"http","domain":"de.haga-wohnideen.","url":"http://haga-wohnideen.de/public/notepad.aspx?suid=11821&zid=bd8f4b2d-e24f-45bc-b5c8-c2a55920c247"}}},{"_index":"de_content_201410","_type":"resourceQ","_id":"http://antiaggro.de/calendar_scheduler.php?d=1406584800&fid=root&sid=2bf45658c9824920a2f5c17929eef6ed","_score":1.0, "_source" : {"body":"                        Home •  Forum •  Einloggen, um private Nachrichten zu lesen •  Kalender •  Regeln •  Registrieren •  Login Kalender  Kalender So 29.06.2014 Mo 30.06.2014 Di 01.07.2014 Mi 02.07.2014 Do 03.07.2014 Fr 04.07.2014 Sa 05.07.2014 Planer www.antiaggro.de Foren-Übersicht »  Kalender »  Mo Jul 28, 2014 23:00 Alle Events 00 01 02 03 04 05 06 07 08 09 10 11 12 13 14 15 16 17 18 19 20 21 22 23 Mo Di Mi Do Fr Sa So   «  Januar Februar März April Mai Juni Juli August September Oktober November Dezember 1971 1972 1973 1974 1975 1976 1977 1978 1979 1980 1981 1982 1983 1984 1985 1986 1987 1988 1989 1990 1991 1992 1993 1994 1995 1996 1997 1998 1999 2000 2001 2002 2003 2004 2005 2006 2007 2008 2009 2010 2011 2012 2013 2014 2015 2016 2017 2018 2019 2020 2021 2022 2023 2024 2025 2026 2027 2028 2029 2030 2031 2032 2033 2034 2035 2036 2037 2038 2039 2040 2041 2042 2043 2044 2045 2046 2047 2048 2049 2050 2051 2052 2053 2054 2055 2056 2057 2058 2059 2060 2061 2062 2063 2064 2065 2066 2067 2068 2069   »    1 2 3 4 5 6 7 8 9 10 11 12 13 14 15 16 17 18 19 20 21 22 23 24 25 26 27 28 29 30 31       Kalender    Mo Jul 28, 2014 23:00   Antworten   Autor   Aufrufe   Letzter Beitrag  Keine Beiträge entsprechen deinen Kriterien. www.antiaggro.de Foren-Übersicht | |--Allgemeines |   |--Forumnews |   |--Auftritte |   |--Videos |   |--Lästerecke |   |--SPLASH! HipHop&Dancehall Festival |   |   |--Splash 2004 |   |   |--Splash 2005 |   |   |--Splash 2006 |   |    |   |--AggroStarz |   |--Allgemeiner HipHop |    |--Sonstiges     |--Spamforum     |--AB Diss'     |--Tracks     |--Was geht ab?     |--Battlezone     |--Umfragenarchiv     |--Graffiti     |--Friedhof   Gehe zu:  Forum auswählen www.antiaggro.de Foren-Übersicht | |--Allgemeines |   |--Forumnews |   |--Auftritte |   |--Videos |   |--Lästerecke |   |--SPLASH! HipHop&Dancehall Festival |   |   |--Splash 2004 |   |   |--Splash 2005 |   |   |--Splash 2006 |   |    |   |--AggroStarz |   |--Allgemeiner HipHop |    |--Sonstiges     |--Spamforum     |--AB Diss'     |--Tracks     |--Was geht ab?     |--Battlezone     |--Umfragenarchiv     |--Graffiti     |--Friedhof     MyCookies Manager Impressum :: Archiv Copyright © 2004 - 2006 AntiAggro PV-Internetmarketing Unterstützt von MKM Geldzählmaschinen :: Entenrennen Protected by phpBB Security © phpBB-Amod ::  phpBB Security ©  Has Blocked 804 Exploit Attempts. Produced by IntegraM0D © 2004, 2005 The IntegraM0D Group [ Forum engine by p h p B B © 2001, 2005 p h p B B Group :: Alle Zeiten sind GMT + 1 Stunde ] [Page generation time: 0.3708s (PHP: 84% | SQL: 16%) | SQL queries: 36 | GZIP disabled | Debug on] ","title":"www.antiaggro.de - Planer","desc":"AntiAggro.de, Die Seite für alle die nicht Aggro sind. Natürlich mit fettem Design. Diskutiere mit anderen im Board über Aggro.........Anti Aggro, Anti-Aggro, Gegen Aggro, Gegen-Aggro","details":{"length":2635,"language":"de","date":"2014/10/31 16:18:34","type":"text/html","country":""},"crawling":{"duration":"1","date":"2014/10/31 16:18:34"},"metas":[{"name":"description","value":"AntiAggro.de, Die Seite für alle die nicht Aggro sind. Natürlich mit fettem Design. Diskutiere mit anderen im Board über Aggro.........Anti Aggro, Anti-Aggro, Gegen Aggro, Gegen-Aggro"},{"name":"keywords","value":"Aggro, Antiaggro, Anti-Aggro, Anti Aggro, Gegen Aggro, Gegen-Aggro, Körperfler"},{"name":"author","value":"Dj-Harem"},{"name":"identifier-url","value":""},{"name":"reply-to","value":"Dj-Harem"},{"name":"revisit-after","value":"1"},{"name":"category","value":"Freizeit & Unterhaltung"},{"name":"copyright","value":"copyright by PV-Internetmarketing"},{"name":"generator","value":"Dj-Harem"},{"name":"robots","value":"INDEX,FOLLOW,NOARCHIVE"},{"name":"distribution","value":"Global"},{"name":"date-creation-yyyymmdd","value":"20051224"},{"name":"date-revision-yyyymmdd","value":"200649"}],"uri":{"protocol":"http","domain":"de.antiaggro.","url":"http://antiaggro.de/calendar_scheduler.php?d=1406584800&fid=root&sid=2bf45658c9824920a2f5c17929eef6ed"}}},{"_index":"de_content_201410","_type":"resourceQ","_id":"http://haeuser-wohnungen-hamburg.de/hanse/0/reihenhaus-kusey.html","_score":1.0, "_source" : {"body":"   home     impressum Reihenhaus Kusey Leider sind zur Zeit keine Reihenhaus in Kusey eingestellt. Aber im Umkreis von 50km werden folgende Objekte angeboten: Reihenmittelhaus in entspannter Wohngegend ... ck. Ein kleines Gartenhäuschen ziert diesen Bereich. Zusätzlich sind die trockenen Kellerräume durch den Garten erreichbar. Eine 10 Meter entfernte Garage gehört ebenfalls zu diesem Objekt. ... [Auszug Objektbeschreibung] Reihenmittelhaus in 38350 Zimmer: 6 Baujahr: 1968 (Immobilie zum Kauf) mehr Angebote zu Reihenhaus Helmstedt von Inan Immobilien     Das gemütliche Reihenhaus im gemütlichen Hellwinkel (WOB-Innenstadtlage) ... ... [Auszug Objektbeschreibung] Reihenmittelhaus in 38444 Zimmer: 4 Baujahr: 1959 (Immobilie zum Kauf) mehr Angebote zu Reihenhaus Wolfsburg-Hellwinkel von HS-Immobilien     Modernisiertes Reihenmittelhaus mit Einfahrt, Nebengebäude und Garten ... henmittelhaus mit ausgebautem Dachgeschoss. Das unterkellerte Haus verfügt über eine Einfahrt mit Zufahrt zum Hof mit einem separaten Nebengebäude, welches früher als kleine Werkstatt diente und heute z.B. als Brennholzlager genutzt werden ... [Auszug Objektbeschreibung] Reihenmittelhaus in 38350 - Helmstedt - Innenstadt Zimmer: 3 Baujahr: 1963 (Immobilie zum Kauf) mehr Angebote zu Reihenhaus Helmstedt von Hankel Immobilien      suchlinks Büro • Büroflaeche • Laden • Ladenfläche • Eigentumswohnungen • Eigentumswohnung • Gewerbeimmobilien • Grundstücke • Grundstück • Immo • Mietangebote • Mietwohnungen • Mietwohnung • Wohnungen • Reihenhaus • Wohnung miete • Wohnung suche • Wohnungssuche • Wohnungsanzeigen • Wohnung • Zimmer • Haus • Häuser • kaufen • mieten • Immobilie • Immobilien • Hauskauf • Immobilienkauf • Einfamilienhaus • Einfamilienhäuser • Neubau • Hausbau  städte Ahlum • Algenstedt • Altensalzwedel • Altmersleben • Apenburg Flecken • Arendsee (altmark) • Badel • Bandau • Beetzendorf • Benkendorf • Berge Gardel. • Bierstedt • Binde • Bonese • Bornsen • Breitenfeld • Brunau • Chüden • Dähre • Dannefeld • Diesdorf Flecken • Dönitz • Ellenberg (altmark) • Engersen • Estedt • Fleetmark • Gardelegen • Gieseritz • Güssefeld • Hanum • Hemstedt • Henningen • Hohentramm • Hottendorf • Höwisch • Immekath • Jahrstedt • Jävenitz • Jeeben • Jeetze • Jeggau • Jeggeleben • Jerchel (altmark) • Jeseritz • Jübar • Kahrstedt • Kakerbeck • Kalbe Milde • Kassieck • Kaulitz • Kerkau • Kläden Arendsee • Klein Gartz • Kleinau • Kloster Neündorf • Klötze • Köckte • Kuhfelde • Kunrau • Kusey • Lagendorf • Langenapel • Leppin (altmark) • Letzlingen • Liesten • Lindstedt • Lüdelsen • Mechau • Mehmke • Mellin • Mieste • Miesterhorst • Nettgau • Neükrug • Neündorf (altmark) • Neündorf Am Damm • Neuferchau • Neulingen (altmark) • Osterwohle • Packebusch • Peckfitz • Potzehne • Pretzier • Püggen • Rademin • Riebau • Ristedt • Rohrberg (altmark) • Roxförde • Sachau • Salzwedel • Sanne Kerkuhn • Schenkenhorst (altmark) • Schrampe • Schwiesau • Seebenau • Seethen • Sichau • Siedenlangenbeck • Solpke • Karlsruhe • Asselfingen • Bamberg • Baar Schwaben • Berlin • Breydin • Bremen • Hamburg • Wiesbaden • Königstein Im Taunus • Stralsund • Bartenshagen Parkentin • Osnabrück • Westerstede • Bottrop • Herdecke • Ludwigshafen Am Rhein • Biedesheim • Perl • Leipzig • Elterlein • Apenburg Flecken • Barkenholm • Suhl • Böhlen Thüringen 30.06.2014 © Immonia GmbH - www.immoxxl.de ","title":"Reihenhaus Kusey","desc":null,"details":{"length":3373,"language":"de","date":"2014/10/31 16:18:34","type":"text/html","country":""},"crawling":{"duration":"1","date":"2014/10/31 16:18:34"},"metas":[{"name":"robots","value":"index,follow"},{"name":"language","value":"de"},{"name":"audience","value":"all"}],"uri":{"protocol":"http","domain":"de.haeuser-wohnungen-hamburg.","url":"http://haeuser-wohnungen-hamburg.de/hanse/0/reihenhaus-kusey.html"}}},{"_index":"de_content_201410","_type":"resourceQ","_id":"https://dahlmann-home.de/saegeketten-fuehrungsschienen/fuer-stihl-elektro-und-motorsaegen/passend-fuer-stihl-ms-261/vollmeissel-saegekette-37-cm-fuer-stihl-ms-261/?ordershow=lostpwd","_score":1.0, "_source" : {"body":" Home Über uns Kontakt Marken Kundenbereich Anmelden Passwort vergessen Registrieren Warenkorb Ihr Warenkorb ist leer! Warenkorb öffnen » Zur Kasse » Shopkategorien Rasentrimmer Ersatzteile Sägeketten & Führungsschienen Sägeketten 3/8\" Hobby 1,1 mm Sägeketten 3/8\" Hobby 1,3 mm Sägeketten 325\" 1,3 mm Sägeketten 325\" 1,5 mm Sägeketten 325\" 1,6 mm Sägeketten 3/8\" Profi 1,5 mm Sägeketten 3/8\" Profi 1,6 mm Feil & Schärfgeräte für ALDI Elektro und Motorsägen für ALKO Elektro und Motorsägen für ATIKA Elektro und Motorsägen für BOSCH Elektrosägen für BUDGET Elektro und Motorsägen für DOLMAR Elektro und Motorsägen für EFCO Elektro und Motorsägen für EINHELL Elektro und Motorsägen für FLORABEST Elektro und Motorsägen für FUXTEC Motorsägen für GÜDE Elektro und Motorsägen für GARDENA Elektrosägen für GRIZZLY Elektrosägen für HECHT Elektro und Motorsägen für HITACHI Motorsägen für HUSQVARNA Elektro und Motorsägen für JOHNSERED Elektro und Motorsägen für MAKITA Elektro und Motorsägen für MC CULLOCH Elektro und Motorsägen für OLEO-MAC Elektro und Motorsägen für PARTNER Elektro und Motorsägen für RYOBI Elektro und Motorsägen für SOLO Elektro und Motorsägen für STIHL Elektro und Motorsägen Passend für STIHL MS 192 T Passend für STIHL 08 S Passend für STIHL MS 181 Passend für STIHL MS 150 Passend für STIHL MS 461 Passend für STIHL MS 231 Passend für STIHL 017 MS 170 Passend für STIHL 018 MS 180 Passend für STIHL MS 171 Passend für STIHL MS 200 MS 201 Passend für STIHL 021 MS 210 Passend für STIHL 023 MS 230 Passend für STIHL MS 211 Passend für STIHL 024 MS 240 Passend für STIHL MS 241 Passend für STIHL 025 MS 250 Passend für STIHL MS 251 Passend für STIHL 026 MS 260 Passend für STIHL MS 261 Passend für STIHL MS 270 MS 271 Passend für STIHL 028 MS 280 Passend für STIHL 029 MS 290 Passend für STIHL MS 311 MS 391 Passend für STIHL 034 MS 340 Passend für STIHL MS 341 Passend für STIHL MS 361 MS 362 Passend für STIHL 039 MS 310 MS 390 Passend für STIHL 044 MS 440 Passend für STIHL MS 441 Passend für STIHL MSA 160 Akku Passend für STIHL MSA 200 Akku Passend für STIHL E 14 Passend für STIHL E 140 MSE 140 Passend für STIHL E 160 MSE 160 Passend für STIHL MSE 170 Passend für STIHL E 180 MSE 180 Passend für STIHL MSE 190 Passend für STIHL MSE 200 Passend für STIHL MSE 210 Passend für STIHL E 220 MSE 220 Passend für STIHL MSE 230 Passend für STIHL Hochentaster HT Passend für STIHL HTE 60 für TAJFUN Sägespalter für TARUS Motorsägen für TIMBERTECH Motorsägen für WOLF-GARTEN Elektro und Motorsägen Kettenschutz & Taschen für OREGON Akku Kettensäge Verbindungsglieder & Treibglieder Niet & Entnietgeräte Elektrische Profi Kettenschärfgeräte Oregon PowerSharp Gartengeräte Forstwerkzeuge Persönliche Schutzausrüstung Kettensägen Kettensägen Ersatzteile Rasenmäher Rasenmäher Ersatzteile Mähroboter Rasentraktoren Rasentraktor Ersatzteile Motorgeräte Motorsensen Ersatzteile Sicherheitstechnik Öl & Schmierstoffe Rasendünger & Saatgut GARDENA Shop Elektrowerkzeuge Befestigungstechnik Heimwerker Motorgeräte Ersatzteile Küche & Haushalt Porzellan & Geschirr Bestecke Gläser & Geschenkartikel Sonderangebote Mai 2014 Zahlungsarten Versandarten Informationen Jobs & Karriere Impressum AGB Zahlung und Versand Datenschutzerklärung Newsletter Widerrufsbelehrung Hinweise zur Batterieentsorgung Hinweise zur Altölentsorgung Home  »  Sägeketten & Führungsschienen  »  für STIHL Elektro und Motorsägen  »  Passend für STIHL MS 261 Passend für STIHL MS 261 Sägeketten und Führungsschienen für STIHL Motorsägen. Die Firma Dahlmann bietet eine große Auswahl an Sägeketten für verschiedene Bedürfnisse. Sägeketten Ersatzketten Führungsschienen Schwertsätze für STIHL Motorsägen MS 261 für STIHL Motorsägen MS 261 C-Q OREGON LPX Sägekette 32 cm für STIHL MS 261 OREGON LPX Vollmeißel 32 cm Schwertlänge, Teilung: 325\", Treibgliedstärke: 1,6 mm passend für STIHL MS 261 € 15,99 inkl. ges. MwSt. 19% zzgl. 3,49 € Versand Vollmeißel Sägekette 37 cm für STIHL MS 261 Vollmeißel Sägekette 37 cm Schwertlänge, Teilung: 325\", Treibgliedstärke: 1,6 mm passend für STIHL MS 261 € 9,99 inkl. ges. MwSt. 19% zzgl. 3,49 € Versand OREGON MultiCut Sägekette 37 cm für STIHL MS 261 OREGON MultiCut 37 cm Schwertlänge, Teilung: 325\", Treibgliedstärke: 1,6 mm passend für STIHL MS 261 € 21,99 inkl. ges. MwSt. 19% zzgl. 3,49 € Versand Vollmeißel Sägekette 40 cm für STIHL MS 261 Vollmeißel Sägekette 40 cm Schwertlänge, Teilung: 325\", Treibgliedstärke: 1,6 mm passend für STIHL MS 261 € 10,49 inkl. ges. MwSt. 19% zzgl. 3,49 € Versand OREGON Schwert 40 cm + 2 Sägeketten für STIHL MS 261 40 cm Schwertlänge, Teilung: 325\", Treibgliedstärke: 1,6 mm passend für STIHL MS 261 € 42,99 inkl. ges. MwSt. 19% zzgl. 4,99 € Versand OREGON LPX Sägekette 40 cm für STIHL MS 261 OREGON LPX Vollmeißel 40 cm Schwertlänge, Teilung: 325\", Treibgliedstärke: 1,6 mm passend für STIHL MS 261 € 17,99 inkl. ges. MwSt. 19% zzgl. 3,49 € Versand OREGON LPX Sägekette 37 cm für STIHL MS 261 OREGON LPX Vollmeißel 37 cm Schwertlänge, Teilung: 325\", Treibgliedstärke: 1,6 mm passend für STIHL MS 261 € 16,99 inkl. ges. MwSt. 19% zzgl. 3,49 € Versand Sägekette Ersatzkette 37 cm für STIHL MS 261 37 cm Schwertlänge, Teilung: 325\", Treibgliedstärke: 1,6 mm passend für STIHL MS 261 € 8,29 inkl. ges. MwSt. 19% zzgl. 3,49 € Versand Sägekette Ersatzkette 32 cm für STIHL MS 261 Sägekette 32 cm Schwertlänge, Teilung: 325\", Treibgliedstärke: 1,6 mm passend für STIHL MS 261 € 7,99 inkl. ges. MwSt. 19% zzgl. 3,49 € Versand OREGON Schwert 37 cm + 2 Sägeketten für STIHL MS 261 37 cm Schwertlänge, Teilung: 325\", Treibgliedstärke: 1,6 mm passend für STIHL MS 261 € 39,99 inkl. ges. MwSt. 19% zzgl. 4,99 € Versand Sägekette Ersatzkette 40 cm für STIHL MS 261 Sägekette 40 cm Schwertlänge, Teilung: 325\", Treibgliedstärke: 1,6 mm passend für STIHL MS 261 € 8,99 inkl. ges. MwSt. 19% zzgl. 3,49 € Versand AB SOFORT... in unserem Shop: Bequem! Sicher! Flexibel! Öffnungszeiten Bitte beachten Sie unsere Ladenöffnungszeiten: Montag - Freitag 08:00 bis 12:30 Uhr und 14:00 bis 18:00 Uhr Samstags 08:00 bis 13:00 Uhr Top Suchen Die häufigsten Such- anfragen in unserem Shop: topfset bsf spanplattenschrauben viking oregon seltmann weiden wmf messer sägekette wmf besteck wmf pfanne husqvarna honda stihl castel garden wmf ","title":"Sägeketten Ersatzketten und Führungsschienen passend für Stihl Motorsägen MS 261","desc":"Sägeketten Ersatzketten und Führungsschienen passend für Stihl Motorsägen MS 261","details":{"length":6264,"language":"de","date":"2014/10/31 16:18:34","type":"text/html","country":""},"crawling":{"duration":"1","date":"2014/10/31 16:18:34"},"metas":[{"name":"keywords","value":"Sägeketten & Führungsschienen, für STIHL Elektro und Motorsägen, Passend für STIHL MS 261,"},{"name":"description","value":"Sägeketten Ersatzketten und Führungsschienen passend für Stihl Motorsägen MS 261"},{"name":"robots","value":"all"},{"name":"owner","value":"Dahlmann GmbH"},{"name":"author","value":"Dahlmann GmbH"},{"name":"generator","value":"plentymarkets"},{"name":"verify-v1","value":"+VsAc2dFj6T8Ak8r+5USRE1tbkywzKU+GGaPVhM1DWs="}],"uri":{"protocol":"https","domain":"de.dahlmann-home.","url":"https://dahlmann-home.de/saegeketten-fuehrungsschienen/fuer-stihl-elektro-und-motorsaegen/passend-fuer-stihl-ms-261/vollmeissel-saegekette-37-cm-fuer-stihl-ms-261/?ordershow=lostpwd"}}},{"_index":"de_content_201410","_type":"resourceQ","_id":"http://simones-hammerladen.de/catalog/index.php?cpath=79&oscsid=e000lt59pvg0egsmi931c3m4r0","_score":1.0, "_source" : {"body":"    Startseite » Katalog » Unterwasser Foto Kategorien Maske, Schnorchel, Flossen ... Atemregler ... Jackets ... Tauchcomputer, Uhren ... Instrumente Neopren ... Sicherheit Tauchlampen Blei Messer Taschen Koffer wasserdichte Behälter Aquapac Zubehör ... Schnorcheln Schwimmen, Schwimmtraining ... Apnoe und Freitauchen ... Monoflossen, Flossenschwimmen ... UWR Bücher, Stempel ... Unterwasser Foto Ersatzteile ... Bekleidung, Schuhe Taucher Souvenirs Geschenke ... Set, Angebote Neue Produkte Apnoeflossen Tasche mit Zusatzfach extra lang 1m Unterwasser Foto, Wasserdichte Fotoapparate, fotografieren Darstellen:  Alle Hersteller Aquapac DiveSun Hammerladen sub-base SUBGEAR angezeigte Produkte: 1 bis 11 (von 11 insgesamt) Seiten:   1    Hersteller       Produkte+    Preis   Bestellen    Aquapac        Aquapac Mini Camera, wasserdichte Fotohülle für kleine Fotos Schützen Sie ihren Foto vor Wasser, Schnee, Sand oder Staub mit dem Aquapac Mini Camera. Fotografieren sie durch die sehr fotoneutrale Lenzflex-Folie auch un ...   23.50EUR [inkl. 19% MwSt zzgl. Versandkosten]      Aquapac        Aquapac SLR Camera, wasserdichte Fotohülle für Foto Schützen Sie ihre hochwertige Spiegelreflexkamera vor Wasser, Schnee, Sand oder Staub mit dem Aquapac SLR Camera. Fotografieren sie durch die sehr fotoneutrale Lenzfl ...   95.00EUR [inkl. 19% MwSt zzgl. Versandkosten]      Aquapac        Aquapac Small Camera with Hard Lens, wasserdichte Fototasche für Foto mit Teleskopoptik Schützen Sie ihren Foto vor Wasser, Schnee, Sand oder Staub mit dem Aquapac Small Camera mit Hard Lens. Fotografieren sie durch de ...   46.50EUR [inkl. 19% MwSt zzgl. Versandkosten]      Hammerladen        Armhalter mit D-Ring Armhalter zum befestigen von diversem Zubehör wie Lampen oder Foto mittels des am Klett befestigten D-Ringes. Auch bestens geeignet für die Befestigung einer Lanyard. ...   8.00EUR [inkl. 19% MwSt zzgl. Versandkosten]      sub-base        Digitale Unterwasserfotografie Kompaktkameras von Herbert Frei Der erste Ratgeber zum Einsatz digitaler Fototechnik unter Wasser! Längst wird in der Tauchszene digital fotografiert. Was bisher fehlte, war e ...   19.95EUR [inkl. 7% MwSt zzgl. Versandkosten]      Hammerladen        Flexarm Kamera-Lampenhalter zum tauchen mit YS Adapter Flexarm zur Befestigung der unterwasser Videoleuchte oder Fotolampe mittels YS Adapter an dem Kameragehäuse mittels Stativschraube. Auf Grund der 9 Kugelgelen ...   68.00EUR [inkl. 19% MwSt zzgl. Versandkosten]      DiveSun        LED Tauchlampe 120° Fotolicht 3300K + Spot 15° in einer Lampe! Multifunktionale Tauchlampe - für Foto Video und normale Tauchlampe: - Kamera-/Fotolicht 20W 1500lumen 120° mit 3300 Kelvin - Spot als Suchl ...   295.00EUR [inkl. 19% MwSt zzgl. Versandkosten]       Hammerladen        Modelmaske, Fotografenmaske klar Mit unserer Modelmaske bzw. Fotografenmaske bieten wir eine große runde Einglasmaske mit klarem Silikon und getemperten Glas. Die Fotomaske ist für bestmögliche Darstellung des Modelges ...   24.50EUR [inkl. 19% MwSt zzgl. Versandkosten]       SUBGEAR        SeaLife DC1400 HD wasserdichte Digitalkamera für Unterwasser von Subgear Die wasserdichte Digitalkamera Sealife DC1400 HD von Subgear ist ein absolutes Muß für alle die aus ihrem einmaligen Tauch- oder Schnorchelur ...   389.00EUR [inkl. 19% MwSt zzgl. Versandkosten]       Hammerladen        Spiralleine Edelstahl mit Karabiner und Ring Hochwertige Edelstahl Spiralleine mit Karabiner 70mm auch aus Edelstahl. Die ausgezogene Länge von Karabiner bis Ring beträgt etwa 120 cm und kann mittels des Schnellverschl ...   18.00EUR [inkl. 19% MwSt zzgl. Versandkosten]       Hammerladen        Spiralleine Edelstahl mit Karabiner und Schnapper Spiralleine aus Edelstahlseil und Kunststoffmantel zur Sicherung wichtiger Ausrüstungsgegenstände. Die Enden sind mit massiven Edelstahlkarabinern versehen. In der Mitt ...   22.00EUR [inkl. 19% MwSt zzgl. Versandkosten]     angezeigte Produkte: 1 bis 11 (von 11 insgesamt) Seiten:   1  Warenkorb Ihr Konto Warenkorb Kasse Abmelden 0 Produkte Schnellsuche   Verwenden Sie Stichworte, um ein Produkt zu finden. erweiterte Suche Hersteller wählen Aqualung Aquapac Atomic Aquatics Beuchat C4 CITIZEN Cressi Sub Delius Klasing Diana Sport DiveSun FA-MI finis Hammerladen Imersion Immersion Leaderfins mat mas Omer Sub Prosub Ralf Tech Saekodive seac sub Specialfins Sporasub sub-base SUBGEAR Suunto Tabata TUSA Taucher Schmuck Tech Side Time4Sports TIMEX Treble Light uwahu Waterway AKTIONEN Aktionen Taschen: Beuchat Air Light Sonnenschutz: Lycra Shirt, Rash Guard Preiskracher: Tauchermesser Titan Begrenzte Aktion solange Vorrat reicht! Tips und Größen Atemregler ABC Jackets Neoprene + Apnoe Tauchermesser optische Brillen Apnoeflossen Check tauchen Check schnorcheln Informationen Versandkosten Zahlung Batterieentsorgung Datenschutz Widerrufsbelehrung AGB Adresse Kontakt Impressum Zu Ihrer Sicherheit seit 25.05.2005 18098341 Besucher Datum 30.06.2014 Bewertungen: -Ebay -Preistrend -Taucher.net Kaufen Sie preiswert und günstig nicht billig in unserem Shop zum Tauchen. Preisvergleich und Test im Tauchshop mit Ausrüstung für Training und Wettkampf. ","title":"Unterwasser Foto, Wasserdichte Fotoapparate, fotografieren","desc":"Fotografieren unter Wasser mit wasserdichtem Foto oder Kamera und wasserdichtem Blitz, Unterwasserfoto","details":{"length":5177,"language":"de","date":"2014/10/31 16:18:36","type":"text/html","country":""},"crawling":{"duration":"1","date":"2014/10/31 16:18:36"},"metas":[{"name":"Description","value":"Fotografieren unter Wasser mit wasserdichtem Foto oder Kamera und wasserdichtem Blitz, Unterwasserfoto"},{"name":"Keywords","value":"Fotografieren, unter, Wasser, wasserdicht, Foto, Kamera, wasserdichtem, Blitz, Unterwasserfoto"},{"name":"robots","value":"INDEX,FOLLOW"},{"name":"Reply-to","value":"shop@simones-hammerladen.de"},{"name":"content-language","value":"de, en"},{"name":"author","value":"Simone Hammer"},{"name":"generator","value":"UltraEdit"},{"name":"identifier-url","value":"www.simones-hammerladen.de/catalog/"},{"name":"copyright","value":"Simone Hammer"},{"name":"publisher","value":"Simones Hammerladen"},{"name":"revisit-after","value":"7 days"},{"name":"audience","value":"alle"},{"name":"audience","value":"all"},{"name":"expires","value":"0"},{"name":"page-type","value":"Onlineshop, Dienstleistung, Sport, Handel"},{"name":"page-topic","value":"Onlineshop, Dienstleistung, Sport, Handel"}],"uri":{"protocol":"http","domain":"de.simones-hammerladen.","url":"http://simones-hammerladen.de/catalog/index.php?cpath=79&oscsid=e000lt59pvg0egsmi931c3m4r0"}}},{"_index":"de_content_201410","_type":"resourceQ","_id":"http://bafo.de/appbadmintonsporttv/?ai1ec=action~agenda%7cpage_offset~-1%7ctime_limit~1379123999%7ccat_ids~31,110,88&page_id=444","_score":1.0, "_source" : {"body":" bsTV4 @ Faszination Badminton (DGbafo) HOME TELEVISION BADMINTON ORGANISATION BUSINESS Badmintonsport Television badmintonTV.de badmintonTV3D.de badmintonTVlive.de   HOME (Television) Infos Badmintonsport Television Verlinken, Einbetten von TELEVISION badmintonTV Kanal 01 Kanal 02 Kanal 03 Kanal 04 Kanal 05 Kanal 06 Kanal 07 Kanal 08 TVprogramm Alle Termine Berichterstattungen Live – Berichterstattung TVlive TV3D TVcinema TVbayern EM RLT MM LIGEN Mia san mia Newsletter Interviews Athleten Management Trainer BUNDESLIGA Round about Badminton Quelle: YouTube Special Olympics D Para-Badminton GoBadminton     Programm (Kalender für alle Events) Agenda Agenda Day Month Week Categories Berichterstattung Live-Berichterstattung 1. Bundesliga 2. Bundesliga Event BBV Event DBV Event INT September 2013 Collapse All Expand All Sep 14 Sa 2013 1.SOD Sch/Jug RLT, 14./15. Sep. 2013 Sep 14 @ 02:00 – 02:00 Read more Categories: Event BBV   NEWSLETTER Newsletter Anmeldung       BBV   Werden Sie Business Partner   Feedback Danke für Dein Feedback       badzine.de Australian Open: Fuchs und Michels unterliegen im Endspiel 29. Juni 2014 Fuchs und Michels vor größtem Erfolg ihrer Karriere 28. Juni 2014 Sydney: Deutsches Super-Mixed im Halbfinale 27. Juni 2014 Fuchs/Michels weiter auf der Erfolgsspur - Zwiebler raus 26. Juni 2014 Fuchs und Michels besiegen Europameister in Australien 25. Juni 2014 VisitsStart: 01.01.2013 Visits today: 47 Visits total: 28859 Visits online: 1 badminton.de (DBV) Grand Prix: Heute beginnen bei den Canada Open die Hauptrunden 30. Juni 2014 Australian Open: Michael Fuchs & Birgit Michels erreichten zweimal innerhalb von drei Wochen ein Superseries-Finale 29. Juni 2014 Australian Open: Marc Zwiebler war in Sydney durch Fersenverletzung gehandicapt 29. Juni 2014 Australian Open: Michael Fuchs & Birgit Michels erreichten zweimal innerhalb von drei Wochen ein Superseries-Finale 29. Juni 2014 Dritter Titel in Folge für Primorye Vladivostok bei der Europäischen Clubmeisterschaft 29. Juni 2014 Hinweise zur Page Fördergemeinschaft “bafo”, wir über uns Impressum Datenschutz Rechtliche Hinweise Badminton Bayern (BBV) Weiterer großer Erfolg für Fuchs/Michels 29. Juni 2014 \"Badminton Juniors\" - Turnierpremiere in Österreich 29. Juni 2014 Veröffentlichung Bayernsport Ausgabe 27 / 2014 24. Juni 2014 Weiterbildungen für Schiedsrichter im Juli 23. Juni 2014 BBV - Kadernominierungen 2014/15 19. Juni 2014 Meta Anmelden Beitrags-Feed ( RSS) Kommentare als RSS WordPress.org Special-Links SoliBad (help children) Special Olympics Deutschland Badminton-Links Badminton Swiss Open Bayerischer Badminton-Verband Bitburger Badminton Open BWF-Badminton World Federation Deutscher Badminton-Verband Österreichischer Badminton Verband Schweizer Badminton Verband WB-World-Badminton YONEX German Open   WPZOOM Copyright © 2014 TELEVISION. All Rights Reserved. ","title":"  Programm (Kalender für alle Events)","desc":null,"details":{"length":2880,"language":"de","date":"2014/10/31 16:18:35","type":"application/xhtml+xml","country":""},"crawling":{"duration":"1","date":"2014/10/31 16:18:35"},"metas":[{"name":"viewport","value":"width=device-width, initial-scale=1.0"},{"name":"description","value":""},{"name":"robots","value":"index, follow"},{"name":"generator","value":"WordPress 3.9.1"},{"name":"generator","value":"Videozoom 3.1.6"},{"name":"generator","value":"WPZOOM Framework 1.4.1"}],"uri":{"protocol":"http","domain":"de.bafo.","url":"http://bafo.de/appbadmintonsporttv/?ai1ec=action~agenda%7cpage_offset~-1%7ctime_limit~1379123999%7ccat_ids~31,110,88&page_id=444"}}},{"_index":"de_content_201410","_type":"resourceQ","_id":"http://phoenix-beratung.de/tripper.html?l=3a%2fnews.php%2fnews_id%2f3%2fheadline%2fvesy-yekonom-twitter.com%2fshare%3fe%2fc458c458c458c458c458c223","_score":1.0, "_source" : {"body":" Gesundheit von A bis Z    Rechtliches von A bis Z    A-B C-D E-F G-H I-K L-N O-R S-T U-Z Gonorrhöe, Tripper Die Gonorrhöe gehört zu den bekanntesten Geschlechtskrankheiten und wird durch Bakterien übertragen. Gerade aber bei Frauen bleibt die Krankheit oft zunächst unerkannt und ohne Beschwerden. Eine infizierte Frau kann die Infektion aber trotz Beschwerdefreiheit weitergeben! Wenn Beschwerden auftreten, dann meist nach 2 bis 5 Tagen. Die Symptome sind bei der Frau vermehrter grünlich-gelber Ausfluss, unter Umständen Schmierblutungen und Brennen beim Wasserlassen. Der Mann verspürt ein Brennen beim Wasserlassen und hat einen gelblich-eitrigen Ausfluss aus der Harnröhre. Ebenso können der Enddarm und der Mund-Rachenraum befallen sein. Tipp: Kondome schützen vor Ansteckung. nächster Begriff:   Überzieher ","title":"Phoenix Beratung Hannover: Tripper","desc":null,"details":{"length":816,"language":"de","date":"2014/10/31 16:18:35","type":"application/xhtml+xml","country":""},"crawling":{"duration":"1","date":"2014/10/31 16:18:35"},"metas":[{"name":"generator","value":"TYPO3 4.6 CMS"}],"uri":{"protocol":"http","domain":"de.phoenix-beratung.","url":"http://phoenix-beratung.de/tripper.html?l=3a%2fnews.php%2fnews_id%2f3%2fheadline%2fvesy-yekonom-twitter.com%2fshare%3fe%2fc458c458c458c458c458c223"}}},{"_index":"de_content_201410","_type":"resourceQ","_id":"http://beyerdynamic.de/shop/hah/headphones-and-headsets/intercom-broadcast-and-tv.html?anschlusskabel_und_stecker_kopfhoerer_und_headsets=355&cat=114&impedanz_hoerer=190&richtkarakteristik_headset=51&uebertragungsart_kopfhoerer=27","_score":1.0, "_source" : {"body":" Deutschland / Österreich / Schweiz Western Europe Eastern Europe Asia-Pacific / India Africa / Middle-East Latin America North America Startseite Produkte Shop Unternehmen Service Referenzen Vertriebspartner Veranstaltungen   loading ... Produkt News Jobs Presse Kontakt Extranet Kopfhörer & Headsets Zu Hause Unterwegs Gaming & Multimedia Studio & Bühne DJs Dolmetscher Interkom, Rundfunk & TV Audiometrie Hörunterstützung Mikrofone Gesang & Instrumente Film & Reportage Durchsagen Präsentationen & Vorträge Tele- & Videokonferenzen Multimediaanwendungen Besucherführungssysteme Konferenztechnik Konferenzsysteme Dolmetschersysteme Voting-System Installationsmikrofone Drahtlose Mikrofone Konferenz- & Aufnahmesoftware Mischer Besucherführungssystem MANUFAKTUR Hifi MANUFAKTUR Gaming MANUFAKTUR Sie sind hier: Kopfhörer & Headsets » Interkom, Rundfunk & TV Category Navigation: Kopfhörer & Headsets Zu Hause Unterwegs Gaming & Multimedia Studio & Bühne DJs Dolmetscher Interkom, Rundfunk & TV Kopfhörer für Moderatoren & Kommentatoren Headsets für Moderatoren & Kommentatoren Kopfhörer für Interkom Headsets für Interkom Monitoringkopfhörer Audiometrie Hörunterstützung Zubehör Ersatzteile News Veranstaltungen Testberichte FAQs   Interkom, Rundfunk & TV   DT 700 Hör-Sprechgarnitur Serie Hör-Sprechgarnitur für extrem laute Umgebungen mit dynamischem oder Kondensatormikrofon für Anwendungen im Rundfunkbereich (optional mit Limiter). DT 790.00 DT 790.28 DT 797 PV  Artikelnummer: DT 700 Headset Series nur im Fachhandel erhältlich     Produktfilter Momentane Filter Kategorie: Headsets für Interkom Übertragungsart: Kabelgebunden Kopfhörer Impedanz: 250 Ohm Richtcharakteristik Mikrofon: Hyperniere Kabel & Stecker: 4-pol. XLR Buchse Bauweise ( Arbeitsprinzip Die Unterschiede zwischen geschlossenen und offenen Kopfhörern sind 1. die starke Isolierung von Außergeräuschen bei geschlossenen Kopfhörern (und umgekehrt: die \"Außenwelt\" hört nicht was der Kopfhörer spielt) und 2. der bessere räumliche Klang bei offenen Kopfhörern. Halb-offene Kopfhörer sind im Prinzip ein Mix aus beidem und versuchen diese jeweiligen Vorteile zu vereinen. ) Geschlossen (1) Bauform Ohrumschließend (1) Art der Schalldämmung Passiv (1) Wandlerprinzip Aufbau des Wandlersystems als dynamisches Tauchspulen- oder Bändchenmikrofon oder als Kondensatormikrofon. für Mikrofon Kondensator - Niere (1) Dynamisch - Hyperniere (1) Preis 230,00 € - 240,00 € (1) news Jubiläums-Edition des T 90 Tesla-Kopfhörers mit Bonus-CD » mehr lesen Für Klang-Gourmets: Der Kopfhörerverstärker A 2 » mehr lesen   beyerdynamic Einst & Heute Manufaktur Tesla-Technologie Veranstaltungen beyerdynamic Academy Vertriebspartner Kundenservice Ersatzteile Reparaturen Zubehör Registrierung Garantie Downloads Bedienungsanleitungen Kataloge Software Firmware Datenblätter Konferenz Konferenzsysteme Dolmetschersysteme Referenzen Revoluto Besucherführung Rechtliche Informationen Allgemeine Geschäftsbedingungen (AGB) Verbraucherinformation Versandkosten Kontakt Kontakt Vertriebspartner Extranet Impressum Sitemap Kunden-Login Merkzettel Warenkorb 0 Items 0,00 € ","title":"beyerdynamic Kopfhörer und Headsets für Kommentatoren und Moderatoren im Shop bestellen","desc":"beyerdynamic","details":{"length":3119,"language":"de","date":"2014/10/31 16:18:35","type":"application/xhtml+xml","country":""},"crawling":{"duration":"1","date":"2014/10/31 16:18:35"},"metas":[{"name":"description","value":"beyerdynamic"},{"name":"keywords","value":"beyerdynamic"},{"name":"robots","value":"INDEX,FOLLOW"},{"name":"st:type","value":"shop"}],"uri":{"protocol":"http","domain":"de.beyerdynamic.","url":"http://beyerdynamic.de/shop/hah/headphones-and-headsets/intercom-broadcast-and-tv.html?anschlusskabel_und_stecker_kopfhoerer_und_headsets=355&cat=114&impedanz_hoerer=190&richtkarakteristik_headset=51&uebertragungsart_kopfhoerer=27"}}},{"_index":"de_content_201410","_type":"resourceQ","_id":"http://falko.de/shop/product_info.php/products_id/424?oscsid=6drjns2ca0fkbat83jh8ktobu0","_score":1.0, "_source" : {"body":"    Startseite » Katalog » Optik & Zubehör » Zielfernrohre » 58100 Ihr Konto  |  Warenkorb  |  Kasse    Kategorien Für unsere Kleinen & Jugend-> (9) Outdoor - Ausrüstung-> (209) Schwerter & Dolche-> (3) Bekleidung-> (23) Freizeit-> (6) Munition-> (4) Optik & Zubehör-> (70)    Ansitzgläser 8x56 (2)    Indoor & Theater (2)    Monokulare oder Spektiv (2)    Ferngläser-> (37)    Montagen (4)    Optikzubehör-> (13)    Zielfernrohre (10) Waffen & Zubehör-> (129) Angelsport & Zubehör-> (5) Hersteller Bitte wählen Bärentöter Barnett Buck Cold Steel DMT Eickhorn EKA Energizer Eschenbach Falcon Fox Gerber Hartkopf-Soling.. Helle Herbertz KRICO Lansky Leatherman liteXpress MAG-LITE Marttiini Mora Nieto ohne Logo Opinel Puma Puma TEC Recta S.A. Wetterling.. Silva Smith and Wesso.. SOG Stanley The Heat Compan.. VENATOR Vixen WEIHRAUCH Wenger Wenger-Uhren Zippo Neue Produkte Magazin Nr. 350000 €69,70 Schnellsuche   Verwenden Sie Stichworte, um ein Produkt zu finden. erweiterte Suche Informationen Händlerzugang Liefer- und  Versandkosten Impressum Unsere AGB's Kontakt 1,5-4,5 x 24 [58100] €719,00 Vergrößerung: 1,5-4,5x, Objektivdurchmesser: 24 mm, Absehen: Leuchtabsehen V4-Dot, Absehen-Ebene: 2. Bildebene, Oberfläche: schwarz matt, Austrittspupillendurchmesser: 5,3 mm, Dämmerungszahl: 6,6-10,4 , Dioptrienverstellbereich: -1 bis +1 dpt, Augenabstand: 96 bis 86 mm, Mittelrohrdurchmesser: 30 mm, Objektivdurchmesser: 30 mm, Okulardurchmesser: 43 mm, Absehenverstellung: 1/4 MOA / Klick, Max. Verstellweg: +/-25 MOA, Parallaxenfrei: 100 m, Sehfeld auf 100 m: 21,4 bis 7,2 m, Gesamtlänge: 233 mm, Gewicht: 450 gr. Für weitere Informationen, besuchen Sie bitte die Homepage zu diesem Produkt. Dieses Produkt haben wir am Montag, 31. Juli 2006 in unseren Katalog aufgenommen. Warenkorb 0 Produkte Gewinnspiel Am Gewinnspiel teilnehmen und Hundeleine Nr. 601 PZN-4392942 gewinnen. Hersteller Info -  Vixen Homepage -  Mehr Produkte Benachrichtigungen Benachrichtigen Sie mich über Aktuelles zu diesem Artikel 1,5-4,5 x 24 Weiterempfehlen   Empfehlen Sie diesen Artikel einfach per eMail weiter. Bewertungen Bewerten Sie dieses Produkt! Sprachen Währungen US Dollar Euro English Pound Schweizer Franken Dansk Krone Norsk Kroner Svensk Kroner CAN Dollar AUS Dollar Pagerank Kredit   Dienstag, 01. Juli 2014     22914037 Zugriffe seit Donnerstag, 20. Januar 2005   Copyright © 2003 osCommerce Powered by osCommerce ","title":"1,5-4,5 x 24 by: Vixen - falko.de - Kriegeskorte Handels- Gmbh","desc":"Modell 512 Bavaria Bockdoppelbüchse, Kaninchenschlingengürtel Nr. C-9, Patronenhalter Nr. C-4, Gewehrtasche Nr. 518, Gewehrtasche Nr. 638, Gewehrtasche Nr. 639, Gewehrtasche Nr. 623, Gewehrtasche Nr. 624, Gewehrtasche Nr. 507, Gewehrtasche Nr. 635, Gewehrtasche Nr. 631, Gewehrtasche Nr. 625, Gewehrtasche Nr. 626, Gewehrtasche Nr. 630, Gewehrtasche Nr. 637, Gewehrtasche Nr. 640-V, Gewehrtasche Nr. 629-B, Gewehrtasche Nr. 506, Gewehrtasche Nr. 509, Gewehrtasche Nr. 100, Gewehrtasche Nr. 511-A, Gewehrtasche Nr. 726, Gewehrtasche Nr. 513, Gewehrriemen Nr. 561, Gewehrriemen Nr. 561-F, Gewehrriemen Nr. 561-FG, Gewehrriemen Nr. 560, Gewehrriemen Nr. 562, Gewehrriemen Nr. 565, Gewehrriemen Nr. 571, Gewehrriemen Nr. 700, Gewehrriemen Nr. 701, Patronentasche Nr. C-4S, Patronentasche Nr. C-6S, Patronentasche Nr. C-10, Patronengürtel Nr. 1461, Patronengürtel Nr. 1466, Patronengürtel Nr. 1466-C, Patronengürtel Nr. 1500-A, Patronengürtel Nr. 1501-A, Patronengürtel Nr. 505, Tuchrucksack Nr. 547, Wildlederrucksack Nr. 548, Rucksack Nr. 549, Umhängetasche Nr. 540-B, Umhängetasche Nr. 546, Weste Nr. 579, Weste Nr. 578, Weste Nr. 574, Weste Nr. 580, Weste Nr. 575, Fernrohrköcher Nr. 660, Fernrohrköcher Nr. 661, Fernrohrköcher Nr. 662, Gamaschen Nr. P-1, Gamaschen Nr. 550, Gamaschen Nr. 557, Gamaschen Nr. 557-L, Waffenkoffer Nr. 651, Waffenkoffer Nr. 654, Patronenkoffer Nr. 522-V, Waffenkoffer Nr. 649, Patronentasche Nr. 685, Patronentasche Nr. 687, Patronentasche Nr. 689, Modell 902 Deluxe Grade 1, Modell 902 Deluxe Grade 2, Modell 902 Deluxe Grade 3, Modell 902 Deluxe Grade 4, Modell 902 light Safari Grade 1, Modell 902 Stutzen Grade 1, Modell 512 Bavaria Bockbüchsflinte, Modell 512 Bavaria Bockdoppelflinte, Modell 301 Luxus, Modell 401 Match, Modell 902 Jagd-Match, Modell 902 Spezial-Match, Gewehrriemen Nr. 567, Zubehör Nr. 705, Zubehör Nr. 706, Halsband Nr. 221, Maulkorn Nr. 584, Halsband Nr. 588, Halsband Nr. 590, Weste Nr. 576, Weste Nr. 577, Patronentasche Nr. C-14, Patronengürtel Nr. 1465, Rucksack Nr. 539, Umhängetasche Nr. 543, Umhängetasche Nr. 544, Halsband Nr. 592, Halsband Nr. 594, Leine Nr. 599, Leine Nr. 600, Leine Nr. 601, Rucksack Nr. 611, Rutentasche Nr. 613, Forellenkorb Nr. 762, Magazin Nr. 850900, Atrek HR 8x42 DCF, Joyful 8x21 CF, Joyful 10x21 CF, Compact 7-20x21 Zoom, Compact 10-30x21 Zoom, Ascot 8x42 CFW, Ascot 7x50 CF, Ascot 10x50 CFW, Ascot 8-32x50 CF ZOOM, 10x21 CF schwarz, Ascot 8x32 CFW, Arena M 10x25 CF, Arena M 8x25 CF, Opernglas 3x28mm, Opernglas 3x28mm Translucent, Reisewaffenkoffer, Waffenkoffer für Modell 902, Magazin Nr. 450000, Zündstift Nr. 710401, Schlösschenabschluss 610403, Magazin Nr. 651700, Magazin Nr. 950400, Magazin Nr. 650900, Magazin Nr. 750400, Gravurplatten Grade 2, Gravurplatten Grade 3, Gravurplatten geschliffen, Gravurplatten Grade 4, Gravurplatten Grade 4, Gravurplatten Grade 1, Gravurplatten Grade 1, Modell Jagd, Modell Royal, N.DUERO VIROLA INOX ROJA, N.DUERO ROJA, 2,5-10 x 56, 8x56, 1,5-4,5 x 24, Atrek HR 10x25 DCF, Flat Zoom 5-15x17 CF silver, New Apex 8x24 DCF, New Apex 10x28 DCF, New Apex 12x30 DCF, Ultima ZR 8x32 ZWCF, Ultima ZR 7x50 ZCF, Ultima ZR 9x63 ZCF, Ark 12x80 BCF, Ark 16x80 BWCF, Ark 20x80 BWCF, Ark 30x80 BWCF, Fotostativadapter V, Fotostativadapter H, Handy Eye 15x50, Fotostativ P-104, Fotostativ PS-144T, Fotostativ MS-183, BinoBooster 2,5x13, Geoma 52S metallic - silber, Geoma 52S metallic - grün, Geoma 52A metallic - silber, Geoma 80S Waterproof, Geoma Pro 82A Waterproof, Geoma 65S Waterproof, Geoma 65A Waterproof, Geoma 52A ED - schwarz, Geoma Pro 82S Waterproof, Transporttasche/Tragegriff für Geoma 52, Geoma 80A Waterproof, Geoma Pro 67S Waterproof, Geoma Pro 67A Waterproof, Geoma Pro ED 82S Waterproof, Okular AL25 (zu Geoma 52), Okular GL15, Adapter für KB-Kamera, Digitalkamera-Adapter Deluxe Geoma, Digitalkamera-Adapter Universal, Okular GLH15 Weitwinkel, Okular AL40 Zoom (zu Geoma 52), Okular GLH48T Zoom, Stativ-Ausgleichsplatte, 37mm Adapterring Deluxe Sony, Sharp, Okular GL20, Okular GL25 Weitwinkel, Okular GLH20 Weitwinkel, Okular GLH30 Weitwinkel, Okular GL60 Weitwinkel, Okular GL40 Weitwinkel, Okular GL80, Gabelmontierung, Montageplatte für Gabelmontierung, Geoma 52S ED - schwarz, HW 45 Stainless-Look, HW 77 Weitschuss-Luftgewehr, HW 77 K Weitschuss-Luftgewehr, HW 100 S Weitschuss-Luftgewehr, HW 100 T Weitschuss-Luftgewehr, HW 97 K SH, HW 97 K Weitschuss-Luftgewehr, HW 57 Weitschuss-Luftgewehr, HW 50 M/II Standard-Luftgewehr, HW 98 Weitschuss-Luftgewehr, HW 95 Weitschuss-Luftgewehr, HW 85 Weitschuss-Luftgewehr, HW 35 Weitschuss-Luftgewehr, HW 35 E Weitschuss-Luftgewehr, HW 95 Luxus, HW 90 Weitschuss-Luftgewehr, HW 80 Weitschuss-Luftgewehr, HW 50 S Sport-Luftgewehr, HW 25 L Jugend-Luftgewehr, HW 40 PCA, HW 70, HW 45, HW 75 Match, HW 30 M/II Universal-Luftgewehr, HW 30 S Universal-Luftgewehr, HW ZF 3-9 x 40-P, HW ZF 4 x 32-P, HW ZF 4 x32, F & T Special Kal. 4,5 mm, Magnum Kal. 5,5 mm, Magnum Kal. 4,5 mm, F & T Special Kal. 5,5 mm, Dampa-Montage, Aufschubmontage zweiteilig, Aufschubmontage einteilig, Montageblock für Zielfernrohre, Schalldämpfer mit Gewinde 1/2 UNF, Mündungsbremse, Manometer für HW 90, Luftpumpe für HW 90, Schalldämpfer zum Aufstecken, 1,5-6 x 42, Atrek HR 8x25 DCF, Atrek HR 8x50 DCF, Kamera Adapter, Linse 4x90 mm, Kamera Adapter CA2, Doubler DBL2, IR450-B1, Schweizer Offiziersmesser, 7-teilig, mit Holzsäge, Schweizer Offiziersmesser, 9-teilig, mit Säge, Schweizer Offiziersmesser, 9-teilig, mit Schere, Schweizer Offiziersmesser, 10-teilig, Wenger Okuliermesser, spitze Klinge, Wenger Giant Messer, mit Schatulle, Wenger Uhr Commando, mit Lederarmband, Wenger Uhr Field Military, Nylon/Leder-Band, Wenger-Uhr, Field Classic, mit Nylon-/Leder-Armband, Wenger-Uhr, Field Classic, mit Nylon-/Leder-Armband, Herbertz Gürtelmesser, AISI 420, Ganzstahl, gedreht, Lederscheid, Herbertz Tanto-Messer, AISI 420, Holz-Griff, Lederscheide, Kling, Herbertz Gürtelmesser, AISI 420, Holz-Griff, Lederscheide, Herbertz Neck-Knife, Stahl AUS 6, Sägezahnung, Kunststoff-Scheid, Herbertz Dolch, Damast, Ganzstahl AISI 420, 38 Lagen Damast, ged, Fox Gürtelmesser, Stahl 440 C, Pakkaholz, Lederscheide, Herbertz Kindermesser, Klinge 8 cm, Pakkaholz-Griff, Lederscheid, Herbertz Utility-Knife, brünierte Klinge, 5 mm Rückenstärke, Nieto Bowie-Messer, rostfrei, Olivenholz, Lederscheide, Nieto Bowie-Messer, rostfrei, Olivenholz, Lederscheide, Herbertz Kindermesser, AISI 420 Stahl, Ledergriff, Lederscheide, Herbertz Kindermesser, feststehend, AISI 420 Stahl, Lederscheide, Mora Kindermesser, rostfrei, Birkenholz, Lederscheide, Mora Gürtelmesser, rostfrei, Kunststoffscheide, Nieto-Kindermesser, Elastomer-Griff, schwarze Lederscheide, Nieto-Bowie, Stahl AN.58, Olivenholz-Griffschalen, braune Leders, ATN 8-24x75LU, Leatherman Supertool 300, mit Nylonetui, Magazin Nr. 350000, Magazin Nr. 350200, Finnisches Filiermesser, beschichtete Klinge, 23 cm, Kautschuk-G, ATN 3-9x55LU, Herbertz Machete, Klinge 45 cm, mit Nylonscheide, Bolo-Machete, feine Verarbeitung, braune Holzgriffschalen, Leder, Cold Steel Kukri Machete, Carbonstahl 1055, Polypropylen-Griff,, Wenger EvoGrip S54, Schweizer Taschenmesser, 33 Funktionen, Wenger EvoGrip S 557, Schweizer Taschenmesser, 22 Funktionen, Wenger Kindermesser, Evolution EvoGrip, 8-teilig, Helle Messer 155G, Dreilagenstahl, Birkenholz, braune Lederschei, Helle Harmoni, Dreilagenstahl, Maserbirke, Palisander, Ledersche, Nieto Dolch, Stahl AN.58, Grenadill, Lederscheide, Wenger New Ranger Alinghi 176, rostfrei, Einhandbedienung, Safet, Leatherman Multitool Charge TTi, Finnisches Lapplandmesser, Birkenholz, Handschutz, Naturleder-Sc, Nieto Kindermesser, Klinge 10 cm, Kunststoff-Griff, Lederscheide, Gerber Multitool Tread, mit Nylonetui, Fox MD Rettungsmesser, Modell ALSR 2, Stahl N690Co, Forprene-Sch, Gerber Überlebensmesser LMF II Infantry, schwarz, Stahl 12C27, S, Fox MD Rettungsmesser, Modell ALSR 2, Stahl N690Co, Forprene-Sch, Gerber Überlebensmesser LMF II-A.S.E.K., Stahl 12C27, Softgrip-H, Gerber Rettungsmesser Hinderer Rescue, Nylonetui, Gerber Multi-Plier 600, Telefonzangenkopf, Nylonetui, Herbertz Klappsäge, AISI 420, Pakkaholz, Nylonscheide, Tauchermesser, Rückensäge, gummierter Kunststoff-Griff, Kunststo, Sommelier Kellnermesser, Ganzmetall, Nylonetui, Smith and Wesson Gürtelmesser, Stahl 440, Gummigriff, Nylonschei, Steakmesser-Satz, Olivenholz, Inhalt 6 Messer, Laguiole Gabel-Set, Inhalt 6 Gabeln, Olivenholz, Steakmesser-Set, Inhalt 6 Messer, Palisander, Gabelsatz Laguiole, Inhalt 6 Gabeln, Palisander, Laguiole Steakmesser mit Gabel, in Holzbox, Laguiole Steakmesser mit Gabel, in Holzbox, Smith and Wesson Kampfmesser, Stahl 440, G-10-Schalen, Nylonsche, Smith and Wesson Bush Hog, Stahl 440 C, Gummigriff, Nylonscheide, Herbertz Taschenmesser Diamond-Line, Wurzelholz-Schalen, Neusilb, Smith and Wesson Stiefelmesser, Stahl 440 C, schwarze Lederschei, EKA Jagdmesser, Modell SwingBlade, 12C27-Stahl, Kraton-Heft, Kun, EKA-Jagdmesser, JOF7, Stahl Sandvik 12C27, Bubinga-Griff, Leders, Herbertz Campingmesser, Stahl 440 A, Tagayasan-Holz, Edelstahlba, Herbertz Campingmesser, Stahl 440 A, Tagayasan-Holz, Edelstahlba, Opinel Gärtner-Messer, Sperrklinge, Buchenholz, Opinel-Gärtner-Messer, Sperrklinge, Buchenholzgriff, Opinel Baumsäge, Opinel Kindermesser, rostfrei, Buchenholz, Opinel-Säge, klappbar, Handy Eye 22x50, Opinel Kindermesser, rostfrei, Buchenholz, blau, Opinel Kindermesser, rostfrei, Buchenholz, rot, Opinel Pilzmesser, rostfreier Sandvik-Stahl, Eichenholz, Wilschw, HW 77 K - Special Edition, Pedalo Classic, Reifen-Schwarz, Pedalo Classic, Reifen-Weiss, Pedalo Go S air 20'', Herbertz Jagd-Taschenmesser, AISI 440 A, mit Säge und Korkenzieh, Halteseil, Herbertz Jagd-Taschenmesser, AISI 440 A, mit Aufbrechklinge und, Pedalo-Slalom, Pedalo-Wawago, Herbertz Verlängerungs-Messer, Stahl 420, Hirschhorn, Messingbes, Herbertz Jagd-Taschenmesser, 2 Klingen, Stahl 1.4116, Hirschhorn, Herbertz Jagd-Taschenmesser, 3-teilig, Stahl 1.4116, Hirschhorn, Herbertz Jagd-Taschenmesser, 4-teilig, Stahl 1.4116, Hirschhorn, Festhaltestützen Teleskop, Laguiole-Kellnermesser, Olivenholz, Lederetui, Buck Rettungsmesser Bravo Rescue, Stahl 420HC, Edelstahl/Santrop, Eickhorn-Rettungsmesser, PRT XII, 440 A-Stahl, blaues Aluminium-, Eschenbach Fernglas adventure B active, 10x26, Hartschalenetui, Eickhorn Rettungsmesser Rescue, Stahl 440 A, Aluminium-Heft, Buck Multitool X-Tract, mit Nylonetui, Buck Jagdmesser Ranger, Pedalo-Combi S air, Buck Special 119, Bowie-Klinge, Stahl 420 HC, Ebonite-Griff, Led, Buck Special, 420 HC-Stahl, Cocobolo-Holzgriff, Messingbeschläge, Buck Gürtelmesser, Stahl 420 HC, gummiertes Thermoplast, Nylonsc, Buck Vanguard, 420HC-Stahl, Cocobolo-Holzgriff, Messingbeschläge, Buck Vanguard, Droppoint-Klinge, 420 HC-Stahl, Kraton-Griff, Mes, Buck Zipper, Stahl 420 HC, Cocobolo-Holz, Aufbrechhaken, Ledersc, Buck Zipper, Stahl 420HC, Kraton, Aufbrechhaken, Nylonscheide (B, Buck Nighthawk, schwarze Klinge, 420 HC-Stahl, Kraton-Griff, Cor, Pedalo-Family, Buck Alpha Hunter, ATS-34 Stahl, Rosewood-Schalen, Lederscheide, Buck Neck Knife, Stahl S30V, schwarz oxidiert, Nylonscheide, Lansky Schärfset, mit 3 Abziehsteinen, grob, mittel, fein, inkl., Lansky Schärfset, m. 5 Abziehsteinen,sehr grob b. sehr fein, ink, Lansky Diamant-Schärfset, mit 3 Steinen, grob, mittel, fein, ink, DMT-Triangel, Diamant-Körnung fein und grob, Keramik-Körnung ext, DMT DiamondVee-Schärfer, DMT-Diamant Schärf-Kit, Körnung extrafein und fein, inkl. Klamme, DMT-Diamant Schärf-Kit, 1 Stein mit der Körnung: fein, inkl. Kla, DMT Schärf-Set, 3-teilig, grobe Körnung, DMT-Klappbarer Diamantschärfer, fein und extrafein, FORESTA 8 x 32 CF Wide, ATN 6-18x65LU, Puma Jagd-Taschenmesser, 3-teilig, Hirschhorn-Schalen, Klinge, S, Puma Bowie, Hirschhorn-Schalen, Lederscheide, ATN 5x33LU, Puma Tec Jagd-Taschenmesser, 3 Klingen, Stahl 1.4110, Hirschhorn, Puma Tec Jagd-Taschenmesser, 4 Klingen, Stahl 1.4110, Hirschhorn, Hartkopf Jagd-Taschenmesser, Stahl 1.4110, Hirschhorn, Neusilber, Herbertz Camping-Kochmesser, Stahl 440 A, Tagayasan-Holz, Herbertz Camping-Brotmesser, Stahl 440 A, Tagayasan-Holz, Cold Steel Trail Master, Stahl San Mai III, Kraton-Griff, Cordur, Cold Steel Outdoorsman, VG-1 San Mai III, Kraton-Griff, Ledersch, Cold Steel Tai Pan, AUS 8-Stahl, Kraton-Griff, Lederscheide, Cold Steel Jagdmesser Pendleton Hunter, VG-1 Stahl, Kraton-Griff, Cold Steel Master Hunter, Stahl VG-1 San Mai III, Kraton-Griff,, Cold Steel Outdoormesser SRK, Carbon-V-Stahl, Kraton-Griff, Secu, Puma Metallpolitur, 50 ml, Puma Schärfset, Arkansas-Ölstein, 100 ml Schärföl, Ultima 8x56 ZCF, Cold Steel Outdoormesser, Modell Recon Tanto, AUS 8-Stahl, Krato, Cold Steel Outdoormesser, Modell Recon Scout, Carbonstahl, Krato, Hartkopf-Jagdtaschenmesser, Hirschhorn, Klinge 1.4110 Stahl, Säg, Hartkopf-Jagdtaschenmesser, Hirschhorn, Klinge 1.4110 Stahl, Säg, Japanischer Abziehstein, Körnung 1000 und 3000, Japanischer Abziehstein, Körnung 6000, NEW FORESTA 8x42 DCF, NEW FORESTA 10x50 DCF, NEW FORESTA 10x42 DCF, NEW FORESTA 8x32 DCF, Ersatzsehne für Bogen, Nr. 4073120 (ohne Abbildung), Ersatzsehne für Compound-Bogen, Nr. 4074115 (ohne Abbildung), Armschutz für Bogensport, Kunststoff-Pfeilauflage für Bogensport, selbstklebend, Visier für Bogensport, Release-Hilfe, Seitenköcher Bear Pack, ohne Inhalt, Bearpaw Schießhandschuh, Größe M, Bearpaw Schießhandschuh, Größe L, Sportpfeil, Fichtenholz, Naturfedern, Länge 26 Zoll, Kinderpfeil aus Holz, mit Saugkappe, Länge 24 Zoll, Sportpfeil, Glasfiber, Plastikfedern, Länge 28 Zoll, Sportpfeil, Aluminium, Kunststofffedern, 28 Zoll, Sportpfeil, Aluminium, Kunststofffedern, Länge 30 Zoll, Sportpfeil, Carbon, Kunststofffedern, Länge 30 Zoll, Sportpfeil, Carbon, Camoflage-Design, Länge 30 Zoll, Strohzielscheibe, Durchmesser 65 cm, 6 cm dick, Papierzielscheibe, Strohscheibe mit Papierzielscheibe, Zielscheibenständer, Scheibenständer Standard, Nadelholz, Lieferung ohne Scheibe, Maß, Armbrust Python, Camoflage-Design, Holzschaft, inkl. 2 Aluminium, Armbrust Light Hunter, 120 lbs., Kunststoffkörper, Armbrust Python, 150 lbs. Zuggewicht, Holzschaft, inklusive 2 Pf, Ersatzsehne für Armbrust Hunter (ohne Abbildung), Armbrustpistole Shooter, inklusive 5 Kunststoffpfeile, Ersatzsehne für Armbrustpistole Shooter, Armbrustpistole Power Shooter, inklusive 3 Metallpfeile, Ersatzsehne für Armbrustpistole Power Shooter (ohne Abbildung), Armbrust Python Pistol, Armbrust Bear Hunter, inklusive 2 Aluminiumpfeile, Ersatzsehne für Armbrust Light Hunter (ohne Abbildung), Kunststoffpfeil, für Armbrustpistole Shooter, Pfeil für Armbrustpistole, Aluminium-Pfeil für Armbrust, Ersatzsehne für Armbrust (ohne Abbildung), Sehnenwachs (ohne Abbildung), Aluminiumpfeil für Armbrust, Aluminiumpfeil für Armbrust, NEW FORESTA 10x32 DCF, Ersatzgummi für Barnett-Schleuder, Barnett Schleuder Cobra, Sportschleuder, Ersatzgummi für Sportschleuder, Herbertz Taschenflasche, Edelstahl, matt, 260 ml, Herbertz Taschenflasche, 230 ml, Edelstahl, matt, Herbertz Taschenflasche, Edelstahl, Leder, 230 ml, Herbertz Taschenflasche, Hirschmotiv, Edelstahl, Leder, 170 ml, Herbertz Taschenflasche, Edelstahl, Leder, 260 ml, mit Becher, Herbertz Taschenflasche, Jagd-Motiv, Edelstahl, Leder, 230 ml, Flachmann-Geschenkset, inkl. Einfülltrichter und 2 Teleskop-Trin, Botas-Feldflasche, Leder, 2 Liter, Botas-Feldflasche, Leder, 1.5 Liter, Botas-Feldflasche, Leder, 1 Liter, Cold Steel Axt Trail Hawk, 5150-Stahl, Hickory-Holz, Cold Steel Axt Riflemans Hawk, 5150-Stahl, Hickory-Holz, Cold Steel Axt Frontier Hawk, 5150-Stahl, Hickory-Holz, Patronentasche Nr. C-4N, Wetterlings Spalt-Axt, schwedischer Stahl, Hickory-Holz, Wetterlings Spaltaxt, Wetterlings Spaltkeil, Magazin Nr. 450300, Wetterlings-Axt, handgeschmiedet, pflanzlich gegerbte Leder-Kopf, BW-Besteck Feldbesteck, 4-teilig, Campingbesteck, inkl. Nylontasche, Herbertz Werkzeugsatz, 4-teilig, Herbertz Handwärmer für Feuerzeugbenzin, mit Stoffbeutel, UniHeat Handwärmer, 1 Paar, Heat Fußwärmer, 1 Paar, Aktivwärmesohle Yeti Plastik, 1 Paar Damen, Größen 35-40, Aktivwärmesohle Yeti Plastik, 1 Paar Herren, Größen 39-46, Aktivwärmesohle Yeti Kork, 1 Paar Damen, Größen 35-41, Aktivwärmesohle Yeti Kork, 1 Paar Herren, Größen 41-46, Heat Handwärmer, 1 Paar, Heat Zehenwärmer, 1 Paar Wärmekissen mit Klebeseite, Heat Ansitz-Kissen, Heat Körperwärmer, 1 Stück, Heat Notfall-Paket mit Rettungsdecke und Wärmekissen, Heat Schlafsackwärmer, Handschuhe Heat 2, schwarz, Heat Aktivwärmegurt, Fleece, Größe M, Heat Aktivwärmegurt, Fleece, Größe L, Stanley Vakuum-Flasche, 1 Liter, Stanley Vakuum-Flasche, 2 Liter, Stanley Vakuum-Food Container, 0,72 l, Stanley Aladdin Challenger, Vakuum-Flasche, 1,0 l, Stanley Bowl and Mug, 2-teilig, Stanley Vakuumflasche, Edelstahl, 1 Liter, Stanley Taschenflasche, 230 ml, Edelstahl, Hammerschlaglack, Stanley Isoliertasse, 530 ml, Edelstahl, Hammerschlaglack, Kunst, Stanley Outdoor Isoliertasse, 470 ml, Edelstahl, Kunststoff-Grif, Zippo Feuerzeug, Motiv Burg und Ritter, Zippo Feuerzeug, Motiv siegender Kreuzritter, Zippo Feuerzeug, Motiv Kreuzritter mit Schwert, Zippo Feuerzeug, Motiv bewaffneter Kreuzritter, Zippo Feuerzeug, Motiv Wikinger, Zippo Feuerzeug, Motiv Wikinger-Schiff, Zippo Feuerzeug, Motiv Santa Maria, Zippo Feuerzeug, Motiv Piraten-Karte, Zippo Feuerzeug, Motiv Klammeraffen, Zippo Feuerzeug, verchromt mit Zierstreifen, Zippo Feuerzeug, Motiv Dartboard, Zippo Feuerzeug, Modell Turquoise Shield, Zippo Feuerzeug, Feder-Motiv mit Türkis-Einlage, Zippo Feuerzeug, Motiv Greifvogel, Zippo Feuerzeug, Motiv Old Glory, Zippo Feuerzeug, Rainbow, Zippo Feuerzeug, Motiv Harley-Davidson, Zippo Feuerzeug, Motiv Scorpion, Zippo Feuerzeug, mit Messing-Gehäuse und floraler Verzieru, Zippo Feuerzeug, Street Chrome, Zippo-Feuerzeug, Modell Standard, Zippo Feuerzeug, schwarz, Zippo-Feuerzeug, Chrom gebürstet, Zippo Feuerzeug, Zierstreifen, Zippo Feuerzeug, Motiv Jack Daniels, Zippo Etui, braun, mit Clip, Zippo Etui, schwarz, mit Clip, Zippo Feuerzeug, Motiv Drachen., Recta-Kompass DP 2, 360°-Einteilung, Recta-Kompass, DP 6, 360°-Einteilung, Recta-Kompass DS-40, Recta-Kompass DS-50G Global-System, Recta-Kompass DT 420 Global System, Recta-Kompass DP-6G, Recta-Kompass DP 2, 64 Strich-Einteilung, Recta-Kompass DP 6, 64 Strich Einteilung, Herbertz Kilometerzähler, 20-km-Ziffernblatt, Mini Maglite AA, schwarz, in Box, Energizer Kopflampe Advanced Headlight, mit 6 LED, inkl. 3 AAA-B, Energizer Headlight, Kopflampe mit 3 LEDs, inklusive 3 AAA-Batte, Eschenbach Fernglas adventure B active, 8x42, Hartschalenetui, Akku-Handscheinwerfer LXSP, Trillerpfeife, Kunststoff, Schneckenform, Bundesligapfeife, Metall, Signalpfeife, Metall, Schneckenform, Hundepfeife, Büffelhorn, Triller und Pfiff, Segler-Taschenmesser, rostfrei, schwarze Kunststoff-Schalen, mit, Segler-Taschenmesser, rostfrei, Leichtmetall-Schalen, mit Marlsp, Herbertz Seglermesser, mit Zange und Marlspieker, AISI 420, Alum, Eschenbach Faltfernglas magno XF 8x21, Eschenbach Faltfernglas magno XF 10x25, Eschenbach Fernglas trophy AS 8x40 BWw, Eschenbach Fernglas trophy AS/P 8x56 BWw, Faltfernglas 8x21, schwarze Gummiarmierung, Tragekordel, Nylongü, Finnisches Filiermesser, beschichtete Klinge, Rückensäge, Kautsc, Finnisches Lachsmesser, beschichtete Klinge, Kunststoffscheide, Finnisches Filiermesser, beschichtete Klinge, 15 cm, Kautschukgr, Finnisches Filiermesser, beschichtete Klinge, 19 cm, Kautschukgr, Finnisches Filiermesser, Kautschukgriff, Klinge 15 cm, Ledersche, Finnisches Filiermesser, Klinge 15 cm, Kautschukgriff, Ledersche, Marttiini Filiermesser Classic Superflex, Klinge 10 cm, Birkenho, Marttiini Filiermesser Classic Superflex, Klinge 15 cm, Birkenho, Marttiini Filiermesser Classic Superflex, Klinge 19 cm, Birkenho, Luftpumpe für HW 100, Zielfernrohr VIXEN 1-4x24, mit Leuchtabsehen Duplex Kl. Punkt, 3, Bogenständer aus Nadelholz, für 24 Bögen und 36 Pfeile Maße: 45x, Jugend-Bogenset, inkl. Köcher, 2 Pfeile und Armschutz, Take-Down-Bogen, Camo-Look, zerlegbar, Bärentöter GLX-Bogen, 160 cm, Rattanlangbogen, 170 cm, Recurve Bogen-Set mit Zubehör, Barnett Banshee Quad, Compound-Bogen, Zuggewicht 25 lbs., Barnett Bogenset Sportflight Kit, mit Take-Down-Bogen, Recurve Bogenset für Einsteiger, mit Zubehör, Compound-Bogen für Erwachsene, Zuggewicht 55 lbs., Bogenset mit Jugend-Compound-Bogen, 3 Holzpfeile 28 Zoll, Gesche, Barnett Lil-Banshee Bogenset, mit Zubehör, Ersatzsehne für Bogen mit Länge 180 cm (ohne Abbildung), Sehne für Bogen Nr. 4072115 (ohne Abbildung), Ersatzsehne für Take-Down-Bogen mit Länge 150 cm (ohne Abbildung, LVF2.5-10x50, Atrek HR 8 x32 DCF, Gewehrtasche Nr. 509-B, 5-20x50 LRT MilDot / Duplex, Leine no. 602, Patronentasche Nr. C-12, HW 70 Black Arrow, HW ZF P2 x 20, Pedalo-Sport S air, Pedalo-Sport, Pedalo-Combi, Reifen schwarz","details":{"length":2412,"language":"de","date":"2014/10/31 16:18:36","type":"text/html","country":""},"crawling":{"duration":"1","date":"2014/10/31 16:18:36"},"metas":[{"name":"DESCRIPTION","value":"Modell 512 Bavaria Bockdoppelbüchse, Kaninchenschlingengürtel Nr. C-9, Patronenhalter Nr. C-4, Gewehrtasche Nr. 518, Gewehrtasche Nr. 638, Gewehrtasche Nr. 639, Gewehrtasche Nr. 623, Gewehrtasche Nr. 624, Gewehrtasche Nr. 507, Gewehrtasche Nr. 635, Gewehrtasche Nr. 631, Gewehrtasche Nr. 625, Gewehrtasche Nr. 626, Gewehrtasche Nr. 630, Gewehrtasche Nr. 637, Gewehrtasche Nr. 640-V, Gewehrtasche Nr. 629-B, Gewehrtasche Nr. 506, Gewehrtasche Nr. 509, Gewehrtasche Nr. 100, Gewehrtasche Nr. 511-A, Gewehrtasche Nr. 726, Gewehrtasche Nr. 513, Gewehrriemen Nr. 561, Gewehrriemen Nr. 561-F, Gewehrriemen Nr. 561-FG, Gewehrriemen Nr. 560, Gewehrriemen Nr. 562, Gewehrriemen Nr. 565, Gewehrriemen Nr. 571, Gewehrriemen Nr. 700, Gewehrriemen Nr. 701, Patronentasche Nr. C-4S, Patronentasche Nr. C-6S, Patronentasche Nr. C-10, Patronengürtel Nr. 1461, Patronengürtel Nr. 1466, Patronengürtel Nr. 1466-C, Patronengürtel Nr. 1500-A, Patronengürtel Nr. 1501-A, Patronengürtel Nr. 505, Tuchrucksack Nr. 547, Wildlederrucksack Nr. 548, Rucksack Nr. 549, Umhängetasche Nr. 540-B, Umhängetasche Nr. 546, Weste Nr. 579, Weste Nr. 578, Weste Nr. 574, Weste Nr. 580, Weste Nr. 575, Fernrohrköcher Nr. 660, Fernrohrköcher Nr. 661, Fernrohrköcher Nr. 662, Gamaschen Nr. P-1, Gamaschen Nr. 550, Gamaschen Nr. 557, Gamaschen Nr. 557-L, Waffenkoffer Nr. 651, Waffenkoffer Nr. 654, Patronenkoffer Nr. 522-V, Waffenkoffer Nr. 649, Patronentasche Nr. 685, Patronentasche Nr. 687, Patronentasche Nr. 689, Modell 902 Deluxe Grade 1, Modell 902 Deluxe Grade 2, Modell 902 Deluxe Grade 3, Modell 902 Deluxe Grade 4, Modell 902 light Safari Grade 1, Modell 902 Stutzen Grade 1, Modell 512 Bavaria Bockbüchsflinte, Modell 512 Bavaria Bockdoppelflinte, Modell 301 Luxus, Modell 401 Match, Modell 902 Jagd-Match, Modell 902 Spezial-Match, Gewehrriemen Nr. 567, Zubehör Nr. 705, Zubehör Nr. 706, Halsband Nr. 221, Maulkorn Nr. 584, Halsband Nr. 588, Halsband Nr. 590, Weste Nr. 576, Weste Nr. 577, Patronentasche Nr. C-14, Patronengürtel Nr. 1465, Rucksack Nr. 539, Umhängetasche Nr. 543, Umhängetasche Nr. 544, Halsband Nr. 592, Halsband Nr. 594, Leine Nr. 599, Leine Nr. 600, Leine Nr. 601, Rucksack Nr. 611, Rutentasche Nr. 613, Forellenkorb Nr. 762, Magazin Nr. 850900, Atrek HR 8x42 DCF, Joyful 8x21 CF, Joyful 10x21 CF, Compact 7-20x21 Zoom, Compact 10-30x21 Zoom, Ascot 8x42 CFW, Ascot 7x50 CF, Ascot 10x50 CFW, Ascot 8-32x50 CF ZOOM, 10x21 CF schwarz, Ascot 8x32 CFW, Arena M 10x25 CF, Arena M 8x25 CF, Opernglas 3x28mm, Opernglas 3x28mm Translucent, Reisewaffenkoffer, Waffenkoffer für Modell 902, Magazin Nr. 450000, Zündstift Nr. 710401, Schlösschenabschluss 610403, Magazin Nr. 651700, Magazin Nr. 950400, Magazin Nr. 650900, Magazin Nr. 750400, Gravurplatten Grade 2, Gravurplatten Grade 3, Gravurplatten geschliffen, Gravurplatten Grade 4, Gravurplatten Grade 4, Gravurplatten Grade 1, Gravurplatten Grade 1, Modell Jagd, Modell Royal, N.DUERO VIROLA INOX ROJA, N.DUERO ROJA, 2,5-10 x 56, 8x56, 1,5-4,5 x 24, Atrek HR 10x25 DCF, Flat Zoom 5-15x17 CF silver, New Apex 8x24 DCF, New Apex 10x28 DCF, New Apex 12x30 DCF, Ultima ZR 8x32 ZWCF, Ultima ZR 7x50 ZCF, Ultima ZR 9x63 ZCF, Ark 12x80 BCF, Ark 16x80 BWCF, Ark 20x80 BWCF, Ark 30x80 BWCF, Fotostativadapter V, Fotostativadapter H, Handy Eye 15x50, Fotostativ P-104, Fotostativ PS-144T, Fotostativ MS-183, BinoBooster 2,5x13, Geoma 52S metallic - silber, Geoma 52S metallic - grün, Geoma 52A metallic - silber, Geoma 80S Waterproof, Geoma Pro 82A Waterproof, Geoma 65S Waterproof, Geoma 65A Waterproof, Geoma 52A ED - schwarz, Geoma Pro 82S Waterproof, Transporttasche/Tragegriff für Geoma 52, Geoma 80A Waterproof, Geoma Pro 67S Waterproof, Geoma Pro 67A Waterproof, Geoma Pro ED 82S Waterproof, Okular AL25 (zu Geoma 52), Okular GL15, Adapter für KB-Kamera, Digitalkamera-Adapter Deluxe Geoma, Digitalkamera-Adapter Universal, Okular GLH15 Weitwinkel, Okular AL40 Zoom (zu Geoma 52), Okular GLH48T Zoom, Stativ-Ausgleichsplatte, 37mm Adapterring Deluxe Sony, Sharp, Okular GL20, Okular GL25 Weitwinkel, Okular GLH20 Weitwinkel, Okular GLH30 Weitwinkel, Okular GL60 Weitwinkel, Okular GL40 Weitwinkel, Okular GL80, Gabelmontierung, Montageplatte für Gabelmontierung, Geoma 52S ED - schwarz, HW 45 Stainless-Look, HW 77 Weitschuss-Luftgewehr, HW 77 K Weitschuss-Luftgewehr, HW 100 S Weitschuss-Luftgewehr, HW 100 T Weitschuss-Luftgewehr, HW 97 K SH, HW 97 K Weitschuss-Luftgewehr, HW 57 Weitschuss-Luftgewehr, HW 50 M/II Standard-Luftgewehr, HW 98 Weitschuss-Luftgewehr, HW 95 Weitschuss-Luftgewehr, HW 85 Weitschuss-Luftgewehr, HW 35 Weitschuss-Luftgewehr, HW 35 E Weitschuss-Luftgewehr, HW 95 Luxus, HW 90 Weitschuss-Luftgewehr, HW 80 Weitschuss-Luftgewehr, HW 50 S Sport-Luftgewehr, HW 25 L Jugend-Luftgewehr, HW 40 PCA, HW 70, HW 45, HW 75 Match, HW 30 M/II Universal-Luftgewehr, HW 30 S Universal-Luftgewehr, HW ZF 3-9 x 40-P, HW ZF 4 x 32-P, HW ZF 4 x32, F & T Special Kal. 4,5 mm, Magnum Kal. 5,5 mm, Magnum Kal. 4,5 mm, F & T Special Kal. 5,5 mm, Dampa-Montage, Aufschubmontage zweiteilig, Aufschubmontage einteilig, Montageblock für Zielfernrohre, Schalldämpfer mit Gewinde 1/2 UNF, Mündungsbremse, Manometer für HW 90, Luftpumpe für HW 90, Schalldämpfer zum Aufstecken, 1,5-6 x 42, Atrek HR 8x25 DCF, Atrek HR 8x50 DCF, Kamera Adapter, Linse 4x90 mm, Kamera Adapter CA2, Doubler DBL2, IR450-B1, Schweizer Offiziersmesser, 7-teilig, mit Holzsäge, Schweizer Offiziersmesser, 9-teilig, mit Säge, Schweizer Offiziersmesser, 9-teilig, mit Schere, Schweizer Offiziersmesser, 10-teilig, Wenger Okuliermesser, spitze Klinge, Wenger Giant Messer, mit Schatulle, Wenger Uhr Commando, mit Lederarmband, Wenger Uhr Field Military, Nylon/Leder-Band, Wenger-Uhr, Field Classic, mit Nylon-/Leder-Armband, Wenger-Uhr, Field Classic, mit Nylon-/Leder-Armband, Herbertz Gürtelmesser, AISI 420, Ganzstahl, gedreht, Lederscheid, Herbertz Tanto-Messer, AISI 420, Holz-Griff, Lederscheide, Kling, Herbertz Gürtelmesser, AISI 420, Holz-Griff, Lederscheide, Herbertz Neck-Knife, Stahl AUS 6, Sägezahnung, Kunststoff-Scheid, Herbertz Dolch, Damast, Ganzstahl AISI 420, 38 Lagen Damast, ged, Fox Gürtelmesser, Stahl 440 C, Pakkaholz, Lederscheide, Herbertz Kindermesser, Klinge 8 cm, Pakkaholz-Griff, Lederscheid, Herbertz Utility-Knife, brünierte Klinge, 5 mm Rückenstärke, Nieto Bowie-Messer, rostfrei, Olivenholz, Lederscheide, Nieto Bowie-Messer, rostfrei, Olivenholz, Lederscheide, Herbertz Kindermesser, AISI 420 Stahl, Ledergriff, Lederscheide, Herbertz Kindermesser, feststehend, AISI 420 Stahl, Lederscheide, Mora Kindermesser, rostfrei, Birkenholz, Lederscheide, Mora Gürtelmesser, rostfrei, Kunststoffscheide, Nieto-Kindermesser, Elastomer-Griff, schwarze Lederscheide, Nieto-Bowie, Stahl AN.58, Olivenholz-Griffschalen, braune Leders, ATN 8-24x75LU, Leatherman Supertool 300, mit Nylonetui, Magazin Nr. 350000, Magazin Nr. 350200, Finnisches Filiermesser, beschichtete Klinge, 23 cm, Kautschuk-G, ATN 3-9x55LU, Herbertz Machete, Klinge 45 cm, mit Nylonscheide, Bolo-Machete, feine Verarbeitung, braune Holzgriffschalen, Leder, Cold Steel Kukri Machete, Carbonstahl 1055, Polypropylen-Griff,, Wenger EvoGrip S54, Schweizer Taschenmesser, 33 Funktionen, Wenger EvoGrip S 557, Schweizer Taschenmesser, 22 Funktionen, Wenger Kindermesser, Evolution EvoGrip, 8-teilig, Helle Messer 155G, Dreilagenstahl, Birkenholz, braune Lederschei, Helle Harmoni, Dreilagenstahl, Maserbirke, Palisander, Ledersche, Nieto Dolch, Stahl AN.58, Grenadill, Lederscheide, Wenger New Ranger Alinghi 176, rostfrei, Einhandbedienung, Safet, Leatherman Multitool Charge TTi, Finnisches Lapplandmesser, Birkenholz, Handschutz, Naturleder-Sc, Nieto Kindermesser, Klinge 10 cm, Kunststoff-Griff, Lederscheide, Gerber Multitool Tread, mit Nylonetui, Fox MD Rettungsmesser, Modell ALSR 2, Stahl N690Co, Forprene-Sch, Gerber Überlebensmesser LMF II Infantry, schwarz, Stahl 12C27, S, Fox MD Rettungsmesser, Modell ALSR 2, Stahl N690Co, Forprene-Sch, Gerber Überlebensmesser LMF II-A.S.E.K., Stahl 12C27, Softgrip-H, Gerber Rettungsmesser Hinderer Rescue, Nylonetui, Gerber Multi-Plier 600, Telefonzangenkopf, Nylonetui, Herbertz Klappsäge, AISI 420, Pakkaholz, Nylonscheide, Tauchermesser, Rückensäge, gummierter Kunststoff-Griff, Kunststo, Sommelier Kellnermesser, Ganzmetall, Nylonetui, Smith and Wesson Gürtelmesser, Stahl 440, Gummigriff, Nylonschei, Steakmesser-Satz, Olivenholz, Inhalt 6 Messer, Laguiole Gabel-Set, Inhalt 6 Gabeln, Olivenholz, Steakmesser-Set, Inhalt 6 Messer, Palisander, Gabelsatz Laguiole, Inhalt 6 Gabeln, Palisander, Laguiole Steakmesser mit Gabel, in Holzbox, Laguiole Steakmesser mit Gabel, in Holzbox, Smith and Wesson Kampfmesser, Stahl 440, G-10-Schalen, Nylonsche, Smith and Wesson Bush Hog, Stahl 440 C, Gummigriff, Nylonscheide, Herbertz Taschenmesser Diamond-Line, Wurzelholz-Schalen, Neusilb, Smith and Wesson Stiefelmesser, Stahl 440 C, schwarze Lederschei, EKA Jagdmesser, Modell SwingBlade, 12C27-Stahl, Kraton-Heft, Kun, EKA-Jagdmesser, JOF7, Stahl Sandvik 12C27, Bubinga-Griff, Leders, Herbertz Campingmesser, Stahl 440 A, Tagayasan-Holz, Edelstahlba, Herbertz Campingmesser, Stahl 440 A, Tagayasan-Holz, Edelstahlba, Opinel Gärtner-Messer, Sperrklinge, Buchenholz, Opinel-Gärtner-Messer, Sperrklinge, Buchenholzgriff, Opinel Baumsäge, Opinel Kindermesser, rostfrei, Buchenholz, Opinel-Säge, klappbar, Handy Eye 22x50, Opinel Kindermesser, rostfrei, Buchenholz, blau, Opinel Kindermesser, rostfrei, Buchenholz, rot, Opinel Pilzmesser, rostfreier Sandvik-Stahl, Eichenholz, Wilschw, HW 77 K - Special Edition, Pedalo Classic, Reifen-Schwarz, Pedalo Classic, Reifen-Weiss, Pedalo Go S air 20'', Herbertz Jagd-Taschenmesser, AISI 440 A, mit Säge und Korkenzieh, Halteseil, Herbertz Jagd-Taschenmesser, AISI 440 A, mit Aufbrechklinge und, Pedalo-Slalom, Pedalo-Wawago, Herbertz Verlängerungs-Messer, Stahl 420, Hirschhorn, Messingbes, Herbertz Jagd-Taschenmesser, 2 Klingen, Stahl 1.4116, Hirschhorn, Herbertz Jagd-Taschenmesser, 3-teilig, Stahl 1.4116, Hirschhorn, Herbertz Jagd-Taschenmesser, 4-teilig, Stahl 1.4116, Hirschhorn, Festhaltestützen Teleskop, Laguiole-Kellnermesser, Olivenholz, Lederetui, Buck Rettungsmesser Bravo Rescue, Stahl 420HC, Edelstahl/Santrop, Eickhorn-Rettungsmesser, PRT XII, 440 A-Stahl, blaues Aluminium-, Eschenbach Fernglas adventure B active, 10x26, Hartschalenetui, Eickhorn Rettungsmesser Rescue, Stahl 440 A, Aluminium-Heft, Buck Multitool X-Tract, mit Nylonetui, Buck Jagdmesser Ranger, Pedalo-Combi S air, Buck Special 119, Bowie-Klinge, Stahl 420 HC, Ebonite-Griff, Led, Buck Special, 420 HC-Stahl, Cocobolo-Holzgriff, Messingbeschläge, Buck Gürtelmesser, Stahl 420 HC, gummiertes Thermoplast, Nylonsc, Buck Vanguard, 420HC-Stahl, Cocobolo-Holzgriff, Messingbeschläge, Buck Vanguard, Droppoint-Klinge, 420 HC-Stahl, Kraton-Griff, Mes, Buck Zipper, Stahl 420 HC, Cocobolo-Holz, Aufbrechhaken, Ledersc, Buck Zipper, Stahl 420HC, Kraton, Aufbrechhaken, Nylonscheide (B, Buck Nighthawk, schwarze Klinge, 420 HC-Stahl, Kraton-Griff, Cor, Pedalo-Family, Buck Alpha Hunter, ATS-34 Stahl, Rosewood-Schalen, Lederscheide, Buck Neck Knife, Stahl S30V, schwarz oxidiert, Nylonscheide, Lansky Schärfset, mit 3 Abziehsteinen, grob, mittel, fein, inkl., Lansky Schärfset, m. 5 Abziehsteinen,sehr grob b. sehr fein, ink, Lansky Diamant-Schärfset, mit 3 Steinen, grob, mittel, fein, ink, DMT-Triangel, Diamant-Körnung fein und grob, Keramik-Körnung ext, DMT DiamondVee-Schärfer, DMT-Diamant Schärf-Kit, Körnung extrafein und fein, inkl. Klamme, DMT-Diamant Schärf-Kit, 1 Stein mit der Körnung: fein, inkl. Kla, DMT Schärf-Set, 3-teilig, grobe Körnung, DMT-Klappbarer Diamantschärfer, fein und extrafein, FORESTA 8 x 32 CF Wide, ATN 6-18x65LU, Puma Jagd-Taschenmesser, 3-teilig, Hirschhorn-Schalen, Klinge, S, Puma Bowie, Hirschhorn-Schalen, Lederscheide, ATN 5x33LU, Puma Tec Jagd-Taschenmesser, 3 Klingen, Stahl 1.4110, Hirschhorn, Puma Tec Jagd-Taschenmesser, 4 Klingen, Stahl 1.4110, Hirschhorn, Hartkopf Jagd-Taschenmesser, Stahl 1.4110, Hirschhorn, Neusilber, Herbertz Camping-Kochmesser, Stahl 440 A, Tagayasan-Holz, Herbertz Camping-Brotmesser, Stahl 440 A, Tagayasan-Holz, Cold Steel Trail Master, Stahl San Mai III, Kraton-Griff, Cordur, Cold Steel Outdoorsman, VG-1 San Mai III, Kraton-Griff, Ledersch, Cold Steel Tai Pan, AUS 8-Stahl, Kraton-Griff, Lederscheide, Cold Steel Jagdmesser Pendleton Hunter, VG-1 Stahl, Kraton-Griff, Cold Steel Master Hunter, Stahl VG-1 San Mai III, Kraton-Griff,, Cold Steel Outdoormesser SRK, Carbon-V-Stahl, Kraton-Griff, Secu, Puma Metallpolitur, 50 ml, Puma Schärfset, Arkansas-Ölstein, 100 ml Schärföl, Ultima 8x56 ZCF, Cold Steel Outdoormesser, Modell Recon Tanto, AUS 8-Stahl, Krato, Cold Steel Outdoormesser, Modell Recon Scout, Carbonstahl, Krato, Hartkopf-Jagdtaschenmesser, Hirschhorn, Klinge 1.4110 Stahl, Säg, Hartkopf-Jagdtaschenmesser, Hirschhorn, Klinge 1.4110 Stahl, Säg, Japanischer Abziehstein, Körnung 1000 und 3000, Japanischer Abziehstein, Körnung 6000, NEW FORESTA 8x42 DCF, NEW FORESTA 10x50 DCF, NEW FORESTA 10x42 DCF, NEW FORESTA 8x32 DCF, Ersatzsehne für Bogen, Nr. 4073120 (ohne Abbildung), Ersatzsehne für Compound-Bogen, Nr. 4074115 (ohne Abbildung), Armschutz für Bogensport, Kunststoff-Pfeilauflage für Bogensport, selbstklebend, Visier für Bogensport, Release-Hilfe, Seitenköcher Bear Pack, ohne Inhalt, Bearpaw Schießhandschuh, Größe M, Bearpaw Schießhandschuh, Größe L, Sportpfeil, Fichtenholz, Naturfedern, Länge 26 Zoll, Kinderpfeil aus Holz, mit Saugkappe, Länge 24 Zoll, Sportpfeil, Glasfiber, Plastikfedern, Länge 28 Zoll, Sportpfeil, Aluminium, Kunststofffedern, 28 Zoll, Sportpfeil, Aluminium, Kunststofffedern, Länge 30 Zoll, Sportpfeil, Carbon, Kunststofffedern, Länge 30 Zoll, Sportpfeil, Carbon, Camoflage-Design, Länge 30 Zoll, Strohzielscheibe, Durchmesser 65 cm, 6 cm dick, Papierzielscheibe, Strohscheibe mit Papierzielscheibe, Zielscheibenständer, Scheibenständer Standard, Nadelholz, Lieferung ohne Scheibe, Maß, Armbrust Python, Camoflage-Design, Holzschaft, inkl. 2 Aluminium, Armbrust Light Hunter, 120 lbs., Kunststoffkörper, Armbrust Python, 150 lbs. Zuggewicht, Holzschaft, inklusive 2 Pf, Ersatzsehne für Armbrust Hunter (ohne Abbildung), Armbrustpistole Shooter, inklusive 5 Kunststoffpfeile, Ersatzsehne für Armbrustpistole Shooter, Armbrustpistole Power Shooter, inklusive 3 Metallpfeile, Ersatzsehne für Armbrustpistole Power Shooter (ohne Abbildung), Armbrust Python Pistol, Armbrust Bear Hunter, inklusive 2 Aluminiumpfeile, Ersatzsehne für Armbrust Light Hunter (ohne Abbildung), Kunststoffpfeil, für Armbrustpistole Shooter, Pfeil für Armbrustpistole, Aluminium-Pfeil für Armbrust, Ersatzsehne für Armbrust (ohne Abbildung), Sehnenwachs (ohne Abbildung), Aluminiumpfeil für Armbrust, Aluminiumpfeil für Armbrust, NEW FORESTA 10x32 DCF, Ersatzgummi für Barnett-Schleuder, Barnett Schleuder Cobra, Sportschleuder, Ersatzgummi für Sportschleuder, Herbertz Taschenflasche, Edelstahl, matt, 260 ml, Herbertz Taschenflasche, 230 ml, Edelstahl, matt, Herbertz Taschenflasche, Edelstahl, Leder, 230 ml, Herbertz Taschenflasche, Hirschmotiv, Edelstahl, Leder, 170 ml, Herbertz Taschenflasche, Edelstahl, Leder, 260 ml, mit Becher, Herbertz Taschenflasche, Jagd-Motiv, Edelstahl, Leder, 230 ml, Flachmann-Geschenkset, inkl. Einfülltrichter und 2 Teleskop-Trin, Botas-Feldflasche, Leder, 2 Liter, Botas-Feldflasche, Leder, 1.5 Liter, Botas-Feldflasche, Leder, 1 Liter, Cold Steel Axt Trail Hawk, 5150-Stahl, Hickory-Holz, Cold Steel Axt Riflemans Hawk, 5150-Stahl, Hickory-Holz, Cold Steel Axt Frontier Hawk, 5150-Stahl, Hickory-Holz, Patronentasche Nr. C-4N, Wetterlings Spalt-Axt, schwedischer Stahl, Hickory-Holz, Wetterlings Spaltaxt, Wetterlings Spaltkeil, Magazin Nr. 450300, Wetterlings-Axt, handgeschmiedet, pflanzlich gegerbte Leder-Kopf, BW-Besteck Feldbesteck, 4-teilig, Campingbesteck, inkl. Nylontasche, Herbertz Werkzeugsatz, 4-teilig, Herbertz Handwärmer für Feuerzeugbenzin, mit Stoffbeutel, UniHeat Handwärmer, 1 Paar, Heat Fußwärmer, 1 Paar, Aktivwärmesohle Yeti Plastik, 1 Paar Damen, Größen 35-40, Aktivwärmesohle Yeti Plastik, 1 Paar Herren, Größen 39-46, Aktivwärmesohle Yeti Kork, 1 Paar Damen, Größen 35-41, Aktivwärmesohle Yeti Kork, 1 Paar Herren, Größen 41-46, Heat Handwärmer, 1 Paar, Heat Zehenwärmer, 1 Paar Wärmekissen mit Klebeseite, Heat Ansitz-Kissen, Heat Körperwärmer, 1 Stück, Heat Notfall-Paket mit Rettungsdecke und Wärmekissen, Heat Schlafsackwärmer, Handschuhe Heat 2, schwarz, Heat Aktivwärmegurt, Fleece, Größe M, Heat Aktivwärmegurt, Fleece, Größe L, Stanley Vakuum-Flasche, 1 Liter, Stanley Vakuum-Flasche, 2 Liter, Stanley Vakuum-Food Container, 0,72 l, Stanley Aladdin Challenger, Vakuum-Flasche, 1,0 l, Stanley Bowl and Mug, 2-teilig, Stanley Vakuumflasche, Edelstahl, 1 Liter, Stanley Taschenflasche, 230 ml, Edelstahl, Hammerschlaglack, Stanley Isoliertasse, 530 ml, Edelstahl, Hammerschlaglack, Kunst, Stanley Outdoor Isoliertasse, 470 ml, Edelstahl, Kunststoff-Grif, Zippo Feuerzeug, Motiv Burg und Ritter, Zippo Feuerzeug, Motiv siegender Kreuzritter, Zippo Feuerzeug, Motiv Kreuzritter mit Schwert, Zippo Feuerzeug, Motiv bewaffneter Kreuzritter, Zippo Feuerzeug, Motiv Wikinger, Zippo Feuerzeug, Motiv Wikinger-Schiff, Zippo Feuerzeug, Motiv Santa Maria, Zippo Feuerzeug, Motiv Piraten-Karte, Zippo Feuerzeug, Motiv Klammeraffen, Zippo Feuerzeug, verchromt mit Zierstreifen, Zippo Feuerzeug, Motiv Dartboard, Zippo Feuerzeug, Modell Turquoise Shield, Zippo Feuerzeug, Feder-Motiv mit Türkis-Einlage, Zippo Feuerzeug, Motiv Greifvogel, Zippo Feuerzeug, Motiv Old Glory, Zippo Feuerzeug, Rainbow, Zippo Feuerzeug, Motiv Harley-Davidson, Zippo Feuerzeug, Motiv Scorpion, Zippo Feuerzeug, mit Messing-Gehäuse und floraler Verzieru, Zippo Feuerzeug, Street Chrome, Zippo-Feuerzeug, Modell Standard, Zippo Feuerzeug, schwarz, Zippo-Feuerzeug, Chrom gebürstet, Zippo Feuerzeug, Zierstreifen, Zippo Feuerzeug, Motiv Jack Daniels, Zippo Etui, braun, mit Clip, Zippo Etui, schwarz, mit Clip, Zippo Feuerzeug, Motiv Drachen., Recta-Kompass DP 2, 360°-Einteilung, Recta-Kompass, DP 6, 360°-Einteilung, Recta-Kompass DS-40, Recta-Kompass DS-50G Global-System, Recta-Kompass DT 420 Global System, Recta-Kompass DP-6G, Recta-Kompass DP 2, 64 Strich-Einteilung, Recta-Kompass DP 6, 64 Strich Einteilung, Herbertz Kilometerzähler, 20-km-Ziffernblatt, Mini Maglite AA, schwarz, in Box, Energizer Kopflampe Advanced Headlight, mit 6 LED, inkl. 3 AAA-B, Energizer Headlight, Kopflampe mit 3 LEDs, inklusive 3 AAA-Batte, Eschenbach Fernglas adventure B active, 8x42, Hartschalenetui, Akku-Handscheinwerfer LXSP, Trillerpfeife, Kunststoff, Schneckenform, Bundesligapfeife, Metall, Signalpfeife, Metall, Schneckenform, Hundepfeife, Büffelhorn, Triller und Pfiff, Segler-Taschenmesser, rostfrei, schwarze Kunststoff-Schalen, mit, Segler-Taschenmesser, rostfrei, Leichtmetall-Schalen, mit Marlsp, Herbertz Seglermesser, mit Zange und Marlspieker, AISI 420, Alum, Eschenbach Faltfernglas magno XF 8x21, Eschenbach Faltfernglas magno XF 10x25, Eschenbach Fernglas trophy AS 8x40 BWw, Eschenbach Fernglas trophy AS/P 8x56 BWw, Faltfernglas 8x21, schwarze Gummiarmierung, Tragekordel, Nylongü, Finnisches Filiermesser, beschichtete Klinge, Rückensäge, Kautsc, Finnisches Lachsmesser, beschichtete Klinge, Kunststoffscheide, Finnisches Filiermesser, beschichtete Klinge, 15 cm, Kautschukgr, Finnisches Filiermesser, beschichtete Klinge, 19 cm, Kautschukgr, Finnisches Filiermesser, Kautschukgriff, Klinge 15 cm, Ledersche, Finnisches Filiermesser, Klinge 15 cm, Kautschukgriff, Ledersche, Marttiini Filiermesser Classic Superflex, Klinge 10 cm, Birkenho, Marttiini Filiermesser Classic Superflex, Klinge 15 cm, Birkenho, Marttiini Filiermesser Classic Superflex, Klinge 19 cm, Birkenho, Luftpumpe für HW 100, Zielfernrohr VIXEN 1-4x24, mit Leuchtabsehen Duplex Kl. Punkt, 3, Bogenständer aus Nadelholz, für 24 Bögen und 36 Pfeile Maße: 45x, Jugend-Bogenset, inkl. Köcher, 2 Pfeile und Armschutz, Take-Down-Bogen, Camo-Look, zerlegbar, Bärentöter GLX-Bogen, 160 cm, Rattanlangbogen, 170 cm, Recurve Bogen-Set mit Zubehör, Barnett Banshee Quad, Compound-Bogen, Zuggewicht 25 lbs., Barnett Bogenset Sportflight Kit, mit Take-Down-Bogen, Recurve Bogenset für Einsteiger, mit Zubehör, Compound-Bogen für Erwachsene, Zuggewicht 55 lbs., Bogenset mit Jugend-Compound-Bogen, 3 Holzpfeile 28 Zoll, Gesche, Barnett Lil-Banshee Bogenset, mit Zubehör, Ersatzsehne für Bogen mit Länge 180 cm (ohne Abbildung), Sehne für Bogen Nr. 4072115 (ohne Abbildung), Ersatzsehne für Take-Down-Bogen mit Länge 150 cm (ohne Abbildung, LVF2.5-10x50, Atrek HR 8 x32 DCF, Gewehrtasche Nr. 509-B, 5-20x50 LRT MilDot / Duplex, Leine no. 602, Patronentasche Nr. C-12, HW 70 Black Arrow, HW ZF P2 x 20, Pedalo-Sport S air, Pedalo-Sport, Pedalo-Combi, Reifen schwarz"}],"uri":{"protocol":"http","domain":"de.falko.","url":"http://falko.de/shop/product_info.php/products_id/424?oscsid=6drjns2ca0fkbat83jh8ktobu0"}}},{"_index":"de_content_201410","_type":"resourceQ","_id":"http://esro.de/gaestebuch/?sid=1264b1e7224896a14445deef846f4445","_score":1.0, "_source" : {"body":" Home Kontakt AGB Impressum Nähkurs Reutlingen Nähkurs Stuttgart Bernina Aktion Info über Vlieseline Katalog bestellen Musterbestellung Unsere Filialen Über uns Nähkurs Mössingen Artikelsuche - alle Kategorien - Katalogware - Katalog 1 F/S 2014 (83) - Katalog 2 F/S 2014 (75) - kostenlose Muster Sommer (155) 50% Reduziert Sommer (39) 50% Reduziert Winter (90) Burda Schnittmuster (93) Bernina Nähmaschinen (22) - Bernina Zubehör (15) Dekostoffe (85) Standardstoffe - Baumwolle uni (26) - Pannesamt (23) - Jersey Standardware (45) - Jute (1) - Nessel (3) - Nicky (18) - Aloba (14) - Tüll (44) - Köper (11) - Batist (13) - Bauernkaro (5) - Molton (1) - Organza (18) - Power-Stretch (20) - Filz (28) - Fleece (26) - Hosenstretch (15) - LEINEN (17) - Taftstoffe (19) - Einlagenstoffe (13) - Damast (4) - Jersey-Stretch uni (2) - Futterstoffe (12) - Standardstoffe (2) - Fellimitat Tierdrucke (18) - Fellimitat Langhaar (9) - Fellimitat Kurzhaar (11) - Weihnachtstoffe (7) - Faschingstoffe (95) -- Paillettenstoffe (23) -- Faschingskurzwaren (17) Modestoffe (5) - Walkstoffe (7) - Seide (13) - Festliche Stoffe (29) Kurzwaren (11) - Nähgarn (7) - Nähnadeln (12) - Verschlüsse (6) - Bastelwatte (2) - Bänder (67) - Modische Bänder (80) - Prym (1957) - Spitzenborten (9) - Festonspitze (6) - Gardinenzubehör (6) - Scheren (2) - Knöpfe (61) -- Kinderknöpfe (27) -- Clownsknöpfe (18) Zeitschriften (6) - OZ-Verlag (6) - my overlock verlag (2) myboshi Wolle (1) Edelsatin (5) Accssesoires (7) Katalogware 50% Reduziert Sommer (39) 50% Reduziert Winter (90) Burda Schnittmuster (93) Bernina Nähmaschinen (22) Dekostoffe (85) Standardstoffe Modestoffe (5) Kurzwaren (11) Zeitschriften (6) myboshi Wolle (1) Edelsatin (5) Accssesoires (7) Informationen Datenschutz Versand und Kosten Widerrufsrecht Wie bestellen? Newsletter Sie sind hier: / Gästebuch Mein Konto E-Mail: Passwort: Eingeloggt bleiben Konto eröffnen Passwort vergessen Newsletter E-Mail: Einträge pro Seite: 10 20 50 100 Sortieren nach:   Autor   Datum Eintrag schreiben Sie müssen angemeldet sein, um einen Gästebucheintrag schreiben zu können. Unser Gästebuch Beate schreibt: Datum: 28.10.2010 Uhrzeit: 11:08 Sehr geehrtes Esro-Team, herzlichen Glückwunsch zur neuen Webseite. Sie ist wirklich gelungen! Liebe Grüße B.W. aus Hildesheim   Einträge pro Seite: 10 20 50 100 Sortieren nach:   Autor   Datum * Alle Preise inkl. MwSt., zzgl. Versandkosten. © Shop Software von OXID eSales Home | Kontakt | Hilfe | Gästebuch | Links | Impressum | AGB | Warenkorb | Mein Konto | Mein Merkzettel Onlineshop für günstige Meterware sowie hochwertige Designerstoffe aus ganz Europa. Onlineshop für Nähzubehör,Kurzwaren,Reissverschlüsse,Garne und vieles mehr !! Verkauf von Bernina Nähmaschinen Sie haben soeben einen Artikel in den Warenkorb gelegt. ","title":"Stoffversand | Gästebuch | online kaufen","desc":null,"details":{"length":2793,"language":"de","date":"2014/10/31 16:18:37","type":"text/html","country":""},"crawling":{"duration":"1","date":"2014/10/31 16:18:37"},"metas":[{"name":"ROBOTS","value":"NOINDEX, NOFOLLOW"}],"uri":{"protocol":"http","domain":"de.esro.","url":"http://esro.de/gaestebuch/?sid=1264b1e7224896a14445deef846f4445"}}},{"_index":"de_content_201410","_type":"resourceQ","_id":"http://forum.grizzly-adams.de/ranks.php?sid=1796767906d4b3390bb92511cb155379","_score":1.0, "_source" : {"body":"   Anmelden      Registrieren Anmelden  FAQ  Mitglieder  Suche   Portal » Foren-Übersicht Ändere Schriftgröße  Menü Inhalt Foren-Übersicht Suche Registrieren Mitglieder Das Team Forenregeln Hilfe FAQ BBCode-Anleitung Nutzungsbedingungen Datenschutzrichtlinie Impressum Ränge  Geburtstage Heute hat kein Mitglied Geburtstag In den nächsten 7 Tagen EHC_Alex66 (37)  Uhr  Suche Beiträge Autor Wikipedia Google Yahoo Bing Altavista Lycos Open directory erweiterte Suche  Die Vielschreiber Benutzer Beiträge bastard57 3742 BlonderEngel 1494 Webgrizzly 1231 Siggi 1105 M-Eleven 1051 luckystrike 1043 der mit dem grizzly tanzt 1026 BOB99 957  Neue Mitglieder Benutzer Registriert wob90 30 Mär Adam20 24 Mär Kutte 23 Mär strahle 21 Mai MirkoMesser 31 Mär HAIzung 31 Mär edgi_18 30 Mär TWOB 30 Mär Rangliste Rangname Rangbild erforderliche Postings Moderator Spezieller Rang Site Admin Spezieller Rang Spambot Zu diesem Rang gibt es leider kein Bild Spezieller Rang Obergrizzly 1000 Trommler 900 Fanclubmitglied 800 Dauerkartenbesitzer 500 Regeln-Versteher 400 Spielernamen-auswendig-Könner 300 Groupie 200 Manchmal-Mitsinger 150 Auf-Sitzplatz-mit-Kissen-Sitzer 100 Frierend-in-Fantreff-Sitzer 50 Event-Zuschauer 15 weiß-wo-Eishalle-ist 10 VfL-Fan 1 Zeige alle User mit Rang an  Anmelden Benutzer: Passwort: Mich bei jedem Besuch automatisch anmelden  Statistik Insgesamt Beiträge insgesamt: 41224 Themen insgesamt: 2172 Bekanntmachungen insgesamt: 0 Wichtig insgesamt: 7 Dateianhänge insgesamt: 0 Themen pro Tag: 1 Beiträge pro Tag: 10 Benutzer pro Tag: 0 Themen pro Benutzer: 2 Beiträge pro Benutzer: 36 Beiträge pro Thema: 19 Mitglieder insgesamt: 1156 Unser neuestes Mitglied: wob90  Das Team Administratoren Martin Webgrizzly Moderatoren BOB99 Stephanie  Links Board3.de phpBB.com   Portal » Foren-Übersicht Das Team • Alle Cookies des Boards löschen • Alle Zeiten sind UTC + 1 Stunde [ Sommerzeit ] phpBB skin developed by: John Olson   Powered by phpBB® Forum Software © phpBB Group Deutsche Übersetzung durch phpBB.de ","title":"Grizzly Adams Fanforum • Ranks Page","desc":null,"details":{"length":2017,"language":"de","date":"2014/10/31 16:18:37","type":"application/xhtml+xml","country":""},"crawling":{"duration":"1","date":"2014/10/31 16:18:37"},"metas":[{"name":"resource-type","value":"document"},{"name":"distribution","value":"global"},{"name":"keywords","value":""},{"name":"description","value":""}],"uri":{"protocol":"http","domain":"de.grizzly-adams.forum.","url":"http://forum.grizzly-adams.de/ranks.php?sid=1796767906d4b3390bb92511cb155379"}}},{"_index":"de_content_201410","_type":"resourceQ","_id":"http://viducation.de/page/4/m","_score":1.0, "_source" : {"body":" m lernen - Seite 4 Schreiben von Daten & Zeitangabe: Spanisch-Lektion # 3 Schreiben Termine & Telling Time: Spanish Lesson # 3 Spanisch 0 478 Schreiben von Daten & Zeitangabe: Spanisch-Lektion # 3 Spanishe Vokabeln Vortrag 3 Fortschritliches Level : Tiere Spanish Vocabulary Lesson 3 Advanced Level: Tiere Spanisch 0 2417 Spanishe Vokabeln Vortrag 3 Fortschritliches Level : Tiere Spanisch, Lektion 5 - Das Alphabet (Aktualisiert) Spanish Lesson 5 The Alphabet (Aktualisiert) Spanisch 0 4452 Spanisch, Lektion 5 - Das Alphabet (Aktualisiert) Gauß-Elimination Gauß-Elimination Algebra & Vorbereitung 0 5676 Gauß-Elimination Rationale Ausdrücke und Gebiete Rational Ausdrücke und Domain Algebra & Vorbereitung 0 12721 Rationale Ausdrücke und Gebiete Teilung von Dezimalzahlen División de números decimales Algebra & Vorbereitung 0 34402 Teilung von Dezimalzahlen Quadratische Gleichungen lösen Quadratische Gleichungen lösen Algebra & Vorbereitung 0 368701 Quadratische Gleichungen lösen Regla de Tres Compuesta Problema 1 Algebra & Vorbereitung 0 386959 Regla de Tres Compuesta Problema 1 Gemeinsamer Faktor Factor común Algebra & Vorbereitung 0 231358 Gemeinsamer Faktor Problem mit Prozentsätze Problema con porcentajes Algebra & Vorbereitung 0 2970 Problem mit Prozentsätze Eigenschaften von Logarithmen Eigenschaften von Logarithmen - Everything You Need to Know! Algebra & Vorbereitung 0 76480 Eigenschaften von Logarithmen Lösung eines Systems zweier Gleichungen mit 3 Unbekannten - unendlich viele Lösungen Lösen eines Systems von 2 Gleichungen mit 3 Unbekannten - unendlich viele Lösungen Algebra & Vorbereitung 0 1794 Lösung eines Systems zweier Gleichungen mit 3 Unbekannten - unendlich viele Lösungen Factorización: Diferencia de cuadrados Factorización: Diferencia de cuadrados Algebra & Vorbereitung 0 230803 Factorización: Diferencia de cuadrados Algebra - Relationen und Funktionen Algebra & Vorbereitung 0 916 Algebra - Relationen und Funktionen Eine schnelle Mathe-Wiederholung von Prep für Algebra 1 Quick Math Bewertung zu Prep für Algebra 1 Algebra & Vorbereitung 0 1881 Eine schnelle Mathe-Wiederholung von Prep für Algebra 1 Einführung in die linearen Gleichungen erster Klasse Introducción a las ecuaciones de Primer grado Algebra & Vorbereitung 0 248 Einführung in die linearen Gleichungen erster Klasse Erzeugender Bruchteil Fracción Generatriz Algebra & Vorbereitung 0 49768 Erzeugender Bruchteil Komplexe Zahlen: Addition, Subtraktion und Multiplikation: ExamSolutions Komplexe Zahlen: Addition, Subtraktion und Multiplikation: ExamSolutions Algebra & Vorbereitung 0 2235 Komplexe Zahlen: Addition, Subtraktion und Multiplikation: ExamSolutions Factorización por Agrupación (polinomio Cúbico) Algebra & Vorbereitung 0 411 Factorización por Agrupación (polinomio Cúbico) Rationalisierung der Nenner Algebra & Vorbereitung 0 92321 Rationalisierung der Nenner Seite 5 m ","title":"m Page 4 | Viducation.de","desc":"Kurse zum Thema m auf Viducation.de","details":{"length":2894,"language":"de","date":"2014/10/31 16:18:38","type":"text/html","country":""},"crawling":{"duration":"1","date":"2014/10/31 16:18:38"},"metas":[{"name":"description","value":"Kurse zum Thema m auf Viducation.de"},{"name":"keywords","value":"Keyword"},{"name":"language","value":"de"},{"name":"viewport","value":"width=device-width, initial-scale=1, maximum-scale=1"},{"name":"verification","value":"02b65042146eeae3e7943dd7e10c5beb"}],"uri":{"protocol":"http","domain":"de.viducation.","url":"http://viducation.de/page/4/m"}}},{"_index":"de_content_201410","_type":"resourceQ","_id":"http://dfb.de/index.php?id=501027","_score":1.0, "_source" : {"body":" DFB.DE DFB-TV Fan Club Fan-Shop Tickets   Amateurfußball-Portal Die Welt der Nationalmannschaft DFB-Kinderportal \"Paules Welt\" DFB-Serviceportal Training und Wissen Online DFB-Talent- und Eliteförderung DFB-Wirtschaftsdienste Consulting & Sales Services DFB-Fachmedien DFB-Reisebüro DFB-Stiftung Egidius Braun DFB-Stiftung Sepp Herberger Robert-Enke-Stiftung DFB-Projekt \"1000 Minispielfelder\" Startseite News RSS Suche DFB-Info Der DFB Präsidium und Vorstand Anti-Korruptionsbeauftragter DFB-Adressverzeichnis Mitglieder-Statistik Regional- und Landesverbände DFB-Bundestag DFB-Amateurfußball-Kongress Die DFB-Geschichte Hermann-Neuberger-Haus Das DFB-Logo Partner des DFB Pokale und Trophäen Jobbörse und Ausbildungsplätze Team- und Wettbewerbs-Archiv Satzung und Ordnungen Fußballregeln Fußballregeln 2013/2014 Hallenfußballregeln Futsal-Regeln Beachsoccer-Regeln Internationale Beziehungen News Entwicklung Internationale Ausbildung Kooperationen DFB-Botschafter Projekte Made in Germany Internationaler Trainerlehrgang Informationsmaterial FAQ und Kontakt DDR-Fußball Geschichte des DFV Alle Länderspiele Länderspielbilanzen Rekordspieler National-Torjäger Alle Nationalspieler Trainer Meister Ewige Tabelle Pokalsieger Freizeit- und Breitensport Futsal DFB-Ü 40/Ü 50-Cup DFB-Ü 35-Frauen-Cup Mini-Spielfelder Streetsoccer Beachsoccer DFB & McDonald’s Fußball-Abzeichen DFB-Mobil Publikationen DFB-Journal Stadionheft \"DFB aktuell\" Stadionheft \"Arena\" Schiedsrichter-Zeitung Offizielle Mitteilungen Downloads von A bis Z Aktion Ehrenamt Verzeichnis lieferbarer DFB-Schriften und DVDs Newsletter des Clubs der Nationalspieler Pinnwand DFB-Mustervertrag Spielervermittlerlizenz Sicherheitsrichtlinien Stadionverbots-Richtlinien und Vollmachten Dopingkontrolle Spiele mit ausländischen Mannschaften Sport-Links Voting DFB-TV-Treffer des Monats DFB-Quiz Männer Nationalmannschaft Trainer WM-Kader WM 2014 in Brasilien Termine EM-Qualifikation 2016 Fan-Infos Statistik Die Welt der Nationalmannschaft Facebook-Fanpage Twitter-Kanal Twitterwall Weltmeisterschaften Europameisterschaften 100 Jahre Länderspiele Freunde der Nationalmannschaft Die Ligen Bundesliga 2. Bundesliga 3. Liga Regionalligen Amateurligen Transferliste Nationale Wettbewerbe DFB-Pokal der Männer DFL-Supercup Internationale Wettbewerbe Champions League UEFA Europa League Qualifikation zum Europacup Supercup Klub-WM Frauen Frauen-Nationalmannschaft Trainerstab Team Termine Statistik WM-Qualifikation 2015 EM 2013 Fan-Infos Facebook-Fanpage Twitter-Kanal Algarve Cup Weltmeisterschaften Europameisterschaften Die Ligen Allianz Frauen-Bundesliga 2. Frauen-Bundesliga Nationale Wettbewerbe DFB-Pokal der Frauen DFB-Hallenpokal der Frauen UEFA-Women's Champions League Rahmenterminplan 2014/2015 Spielplan 2013/2014 Modus Alle Sieger Archiv Trophäe Talente U-Teams männlich U 21-Männer U 20-Männer U 19-Junioren U 18-Junioren U 17-Junioren U 16-Junioren U 15-Junioren Twitter-Kanal U-Teams weiblich U 23-Frauen U 20-Frauen U 19-Frauen U 17-Juniorinnen U 16-Juniorinnen U 15-Juniorinnen Ligen und Wettbewerbe A-Junioren-Bundesliga B-Junioren-Bundesliga B-Juniorinnen-Bundesliga Länderpokal und Sichtungsturniere A-Junioren-Meisterschaft B-Junioren-Meisterschaft B-Juniorinnen-Meisterschaft DFB-Junioren-Vereinspokal Talent- und Eliteförderung Turnierbörse Turniere suchen Turniere nach Datum Turniere nach Land Machen Sie mit! Turniere des Euro-Sportrings KOMM MIT International Stars erzählen Piotr Trochowski Marcel Schäfer Rene Adler Patrick Helmes Simon Rolfes Christian Pander Mario Gomez Torsten Frings Philipp Lahm Bernd Schneider Patrick Owomoyela Sebastian Deisler Paul Freier Arne Friedrich Jürgen Kohler Jens Lehmann Per Mertesacker Christoph Metzelder Lars Ricken Schule und Fußball DFB-Doppelpass 2020 Fußballschulen Ballzauber Online Kleinfeldfußball Mädchenfußball News Mein Verein Mädchenturnierbörse Fußball & Schule Bunte Stories Hintergründiges Meine Vorbilder Training online Integrationsprojekte Fußball-Geschichte Bücherecke Kino, Video und TV Training Ausbildung Fußball-Lehrer A-Trainer B-Trainer C-Trainer Trainer C-Breitenfußball Torwarttrainer Lizenz-Vorstufen Ausbildungstermine AGB Sportliche Leitung Männer und Junioren Frauen und Juniorinnen Hennes-Weisweiler-Akademie News Die Akademie Die Ausbildung Downloads Mitarbeiter der Akademie Praxis-Tipps Training und Wissen Online Training Online Torwarttraining Trainermedien Arbeitsmaterial für Trainer Buchtipps Nachhaltigkeit News Nachhaltigkeit DFB-Nachhaltigkeitsbericht 2013 Sicherung des wertorientierten Fußballs Ehrenamt Ehrenamtsbeauftragte Ehrenamtspreis Serie: \"Ich lebe Fußball\" Materialien Aktion \"Fair ist mehr\" Bundessieger 2011/2012 Eltern-Check Archiv Meldung Integration Integrationspreis Integrationsbotschafter Fünf zentrale Botschaften Von A bis Z Integration Mädchen Ansprechpartner Informationsmaterial Videos Julius Hirsch Preis Der Preis Anmeldung Ausschreibung Zur Person Bisherige Preisträger Videothek Die Jury Umwelt Umwelt und Verein Ideenkatalog 1 Ideenkatalog 2 Ideenkatalog 3 Ideenkatalog 4 Ideenkatalog 5 Ideenkatalog 6 Ideenkatalog 7 Facebook-Fanpage Gemeinsam gegen Spielmanipulation FIFA-Ethikreglement Anti-Korruptionsbeauftragter des DFB Fakten und Hintergründe Anti-Doping Eliteförderung Schiedsrichter Sportwetten Spielplan-Gestaltung Integration Ihre Fragen DFB-Stiftungen DFB-Kulturstiftung Stiftung Egidius-Braun Sepp-Herberger-Stiftung Robert Enke-Stiftung Fußball stiftet Zukunft DFB-Fußballmuseum DFB-Wissenschaftspreis Schiedsrichter Ansetzungen Schiedsrichter im Einsatz Schiedsrichter der Bundesligen Schiedsrichterinnen der Frauen-Bundesliga Schiedsrichterinnen der 2. Frauen-Bundesligen Schiedsrichter der 3. Liga Schiedsrichter-Assistenten Schiedsrichter der A-Junioren-Bundesligen Schiedsrichter der B-Junioren-Bundesligen Schiedsrichterinnen der B-Juniorinnen-Bundesligen Futsal-Schiedsrichter Ich bin gerne Schiedsrichter, weil... Informationen Eckdaten des DFB-Schiedsrichterwesens Schiedsrichter-Statistik Schiedsrichter-Nachwuchs Wie werde ich Schiedsrichter? Vorteile als Schiedsrichter Schiedsrichter mit Pfiff Nachwuchskampagnen Faszination Schiedsrichter Aus-, Fort- und Weiterbildung DFB-Partner DEKRA Downloads Video Schiedsrichter-Zeitung Veranstaltungskalender Frauen und Juniorinnen Seiteninhalt drucken   Trainerin Frauen-Nationalmannschaft Assistenztrainerin Frauen-Nationalmannschaft Silvia Neid Ulrike Ballweg Teammanagerin Doris Fitschen Trainerin U 23-Frauen Ulrike Ballweg Trainerin U 19-/U 20-Frauen Maren Meinert Trainerin U 17-Juniorinnen Anouschka Bernhard Trainerin U 16-Juniorinnen Ulrike Ballweg Trainerin U 15-Juniorinnen Bettina Wiegmann Torwarttrainer Frauen-Nationalmannschaft Michael Fuchs Ausbildung Sportliche Leitung Männer und Junioren Frauen und Juniorinnen Hennes-Weisweiler-Akademie Praxis-Tipps trainermedien.dfb.de trainermedien.dfb.de Nachhaltigkeit Nachhaltigkeit Mach Mit! DFB & McDonald’s Fußball-Abzeichen team.dfb.de team.dfb.de Anzeige: www.dfb.de Bildergalerien A-Nationalmannschaft Frauen-Nationalteam Frauen-WM 2011 DFB-Pokal Die Ligen DFB-Nachwuchs-Mannschaften Fußball - Persönlichkeiten DFB-Aktionen Fans, Stars und mehr Publikationen DFB-Journal DFB-Aktuell Arena Schiedsrichter-Zeitung Offizielle Mitteilungen Terminkalender Rahmenterminkalender Inhalt von A-Z Suche Tickets & Hospitality Kontakt und FAQ Newsletter Impressum | Nutzungsbedingungen | Datenschutz | Seite verschicken © Alle Rechte vorbehalten 1998 - 2014 ","title":"DFB - Deutscher Fußball-Bund e.V. -  Frauen und Juniorinnen","desc":null,"details":{"length":7478,"language":"de","date":"2014/10/31 16:18:33","type":"application/xhtml+xml","country":""},"crawling":{"duration":"1","date":"2014/10/31 16:18:33"},"metas":[{"name":"generator","value":"TYPO3 4.6 CMS"},{"name":"twitter:account_id","value":"78270570"}],"uri":{"protocol":"http","domain":"de.dfb.","url":"http://dfb.de/index.php?id=501027"}}},{"_index":"de_content_201410","_type":"resourceQ","_id":"http://forum.cx-sport.de/album.php?albumid=233&pictureid=2541&s=8afef040bd249bde0870e094c292fbc8","_score":1.0, "_source" : {"body":" Zum Portal | Zum Forum   CX-Sport > Profil von Crossladen > Alben > CX WM Hoogerheide 1.2-2.2.12014 Bild ansehen Benutzername Angemeldet bleiben? Kennwort Live View Suchen Heutige Beiträge Alle Foren als gelesen markieren Registrieren Hilfe Crosser-Karte Benutzerliste Zurück | Erstes | Bild 31 von 31 aus dem Album CX WM Hoogerheide 1.2-2.2.12014 DSCF9053 Hinzugefügt am 03.02.2014 20:18 Hinzugefügt von Crossladen « Vorheriges Bild | Erstes Bild Alle Zeitangaben in WEZ +1. Es ist jetzt 13:59 Uhr. -- cx-sport ---- Standard-Style -- cx-sport_slim Kontakt - http://www.cx-sport.de - Archiv - Nutzungsbedingungen - Nach oben Design by: arno¹ Hosted by: lando.us Powered by vBulletin® Version 3.8.7 (Deutsch) Copyright ©2000 - 2014, vBulletin Solutions, Inc. ","title":"CX-Sport - Alben von Crossladen: CX WM Hoogerheide 1.2-2.2.12014 - Bild","desc":"Die ist ein Forum zum Informationsaustausch für Cyclocross Technik, Techniken, Sport","details":{"length":759,"language":"de","date":"2014/10/31 16:18:35","type":"application/xhtml+xml","country":""},"crawling":{"duration":"1","date":"2014/10/31 16:18:35"},"metas":[{"name":"generator","value":"vBulletin 3.8.7"},{"name":"keywords","value":"cyclocross, cross, querfeldein, radcross, radquer, cyclo-cross, veldrijden, cx sport, forum, discussion"},{"name":"description","value":"Die ist ein Forum zum Informationsaustausch für Cyclocross Technik, Techniken, Sport"}],"uri":{"protocol":"http","domain":"de.cx-sport.forum.","url":"http://forum.cx-sport.de/album.php?albumid=233&pictureid=2541&s=8afef040bd249bde0870e094c292fbc8"}}},{"_index":"de_content_201410","_type":"resourceQ","_id":"http://numerale.de/board/thread.php?sid=dced4cfd9148a5b57adf96a014c0fa06&threadid=6690","_score":1.0, "_source" : {"body":" Startseite Portal Statistik Datenbank Adbanner Hackliste Registrieren Kalender Mitglieder Team Suche FAQ 4 gewinnt (Neu) Knack (Neu) Slot Machine xArcade Hangman 17 und 4 Mastermind Numerale » WBB Hack Zone - Standard » Guthabenhack 1.x » v1.9.5 (wbb2.3) User-CP - Konto und Co nicht vorhanden? » Hallo Gast [ Anmelden| Registrieren] Letzter Beitrag | Erster ungelesener Beitrag Druckvorschau | Thema zu Favoriten hinzufügen User-CP - Konto und Co nicht vorhanden? Autor Beitrag « Vorheriges Thema | Nächstes Thema » TiramiSue Grünschnabel Dabei seit: 11.08.2007 Beiträge: 4 Guthaben: 285 Teuro Kontonummer: 6126 Level: 17 [?] Erfahrungspunkte: 10.077 Nächster Level: 13.278 User-CP - Konto und Co nicht vorhanden?        Hallo! Nachdem ich nun die SuFu benutzt hab und nicht wirklich fündig geworden bin hoffe ich dass jemand von Euch einen Hinweis für mich hat: Nachdem ich den GH-Hack eingebaut hab und auch mein ACP endlich so arbeitet wie es soll - fehlen mir immer noch die Einstellungen und angaben in den Profilen meiner User. Sprich Konto - die zusätzl. kleinen spiele wie 17 und 4, Lotto und all die anderen Dinge, die eigentlich via Gh in den Userprofilen zu finden sein müßte. Auch nach der 3. Überprüfung der relevanten Daten(usercp.php - users.tpl - profile.tpl und users.php hab ich keinen Fehler gefunden - hat jemand eine Idee, wo der Hase im Pfeffer liegen könnte? EDIT: Sorry!!!!!!! Wer lesen kann ist kalr im Vorteil *schäm* Hab vollkommen falsch gelesen. *Erdloch such* Meine Anfrage hat sich also erledigt! Dieser Beitrag wurde 1 mal editiert, zum letzten Mal von TiramiSue: 07.11.2007 15:45. 07.11.2007 09:41 fredchen1984 Grünschnabel Dabei seit: 05.09.2006 Beiträge: 3 Guthaben: 5 Teuro Kontonummer: 4093 Level: 16 [?] Erfahrungspunkte: 8.577 Nächster Level: 10.000 Selbe Problem        Hallo @ all... habe leider auch dieses Problem, das im User-CP nichts angezeigt wird wie Shop etc... habe die Installation mehrmals überprüft und alles korrekt eingebaut... Wer kann mir helfen... Vielen Dank im Voraus. Gruß fredchen1984 - guten rutsch ins neue Jahr 2009 - 27.12.2008 16:17 nAsH Inside-User.net Dabei seit: 30.11.2003 Beiträge: 906 Guthaben: 40.003.519 Teuro Kontonummer: 494 Level: 43 [?] Erfahrungspunkte: 3.505.008 Nächster Level: 3.609.430        im UserCP wird auch nix angezeigt... ruf mal die \"guthaben.php\" auf... nAsH __________________ Game-Packs mit über 10.000 Arcade-Games (v2/3) für Arcade Gold 3/4/Light, IBProArcade + andere 28.12.2008 11:07 fredchen1984 Grünschnabel Dabei seit: 05.09.2006 Beiträge: 3 Guthaben: 5 Teuro Kontonummer: 4093 Level: 16 [?] Erfahrungspunkte: 8.577 Nächster Level: 10.000        Hallo @ nAsH bin heute früh selber mal auf die Idee gekommen die Seite aufzurufen... *grins* man sollte vorher mal auf bessere Ideen kommen... Danke dir aber für deine Hilfe... Wünsche dir nen guten Rutsch ins neue Jahr 2009 Greetz fredchen1984 28.12.2008 14:08 nAsH Inside-User.net Dabei seit: 30.11.2003 Beiträge: 906 Guthaben: 40.003.519 Teuro Kontonummer: 494 Level: 43 [?] Erfahrungspunkte: 3.505.008 Nächster Level: 3.609.430        kp... Zitat: Wünsche dir nen guten Rutsch ins neue Jahr 2009 dito nAsH __________________ Game-Packs mit über 10.000 Arcade-Games (v2/3) für Arcade Gold 3/4/Light, IBProArcade + andere 28.12.2008 14:22 Baumstruktur | Brettstruktur Gehe zu: Bitte wählen: -------------------- WBB Hack Zone - Premium -- Hangman v2.x -- Hangman v1.x -- xArcade v1.x -- Adbanner und Empfehlen -- Loginlog, Slot Machine und BJP -- 4 gewinnt, Knack und xQuiz v1.7 -- xDB -- Die kleinen -- Sonstiges -- Beschreibungen WBB Hack Zone - Standard -- Guthabenhack 1.x -- xQuiz v1.0 bis v1.6.x -- Hangman lite -- Andere Hacks -- Codeschnipsel Numerale -- News -- Allgemein -- Feedback Support -- Software -- Hardware -- Webdesign ---- Scripting ---- Grafik und Design Sonstiges -- Lachsack -- Spiele -- Umfragen -- Dies & das -- Gesuche -- TV und Kino Numerale » WBB Hack Zone - Standard » Guthabenhack 1.x » v1.9.5 (wbb2.3) User-CP - Konto und Co nicht vorhanden?   Forensoftware: Burning Board 2.3.6, entwickelt von WoltLab GmbH    -    Impressum ","title":"Numerale | Guthabenhack 1.x | v1.9.5 (wbb2.3) User-CP - Konto und Co nicht vorhanden?","desc":null,"details":{"length":4110,"language":"de","date":"2014/10/31 16:18:35","type":"application/xhtml+xml","country":""},"crawling":{"duration":"1","date":"2014/10/31 16:18:35"},"metas":[],"uri":{"protocol":"http","domain":"de.numerale.","url":"http://numerale.de/board/thread.php?sid=dced4cfd9148a5b57adf96a014c0fa06&threadid=6690"}}},{"_index":"de_content_201410","_type":"resourceQ","_id":"http://windsurfcenter.de/forum/viewtopic.php?p=8634&sid=ad542c6873342a2faec8166dc03947b0","_score":1.0, "_source" : {"body":" WSC - Alpilake Das Forum der pro-alpilake-connection Anmelden  FAQ     Suche Aktuelle Zeit: Fr Jul 04, 2014 15:59:25 Unbeantwortete Themen | Aktive Themen Foren-Übersicht » Diskussion » Allgemeines Alle Zeiten sind UTC + 2 Stunden [ Sommerzeit ] Eis auf dem Alpi Moderatoren: Terminator, Stadler, Waldorf, Spyderman    Seite 1 von 1  [ 27 Beiträge ]    Druckansicht Vorheriges Thema | Nächstes Thema  Autor Nachricht Erdbeerschorsch   Betreff des Beitrags: Eis auf dem Alpi Verfasst: Do Feb 02, 2012 17:32:31  Second onLake 2012 Registriert: Sa Jul 14, 2007 21:16:06 Beiträge: 214 Wohnort: Erfurt Hey zusammen, war heute mal am Alpi das Eis \"prüfen\" super glatt ohne Schnee, klar u. ca. 8-9cm dick, also wenn`s weiter so schön frisch bleibt, kann sicher am WE mal eine kleine Eissegelpartie wagen. _________________ Ich mach jetzt genau daß,was ich mir vor 40 Jahren vorgenommen habe; so wenig wie möglich. Nach oben       Tüte   Betreff des Beitrags: Re: Eis auf dem Alpi Verfasst: Do Feb 02, 2012 17:41:42  fast zu Hause hier Registriert: Sa Feb 12, 2005 11:11:57 Beiträge: 677 Wohnort: Sömmerda Wohlklingende Ansage! Ich werde teilnehmen. Also jeder reichlich Gerätschaften mitbringen. Wann Start? _________________ Der frühe Vogel kann mich mal! Nach oben       Waldorf   Betreff des Beitrags: Re: Eis auf dem Alpi Verfasst: Do Feb 02, 2012 17:52:38  Vorstand / Schatzmeister Registriert: Mi Nov 03, 2004 20:28:28 Beiträge: 514 Wohnort: Möbisburg Samstag um die Mittagzeit wär glaube ich gut. _________________ Wer nicht mindestens zwei drittel des Tages für sich hat, ist ein Sklave Nach oben       Erdbeerschorsch   Betreff des Beitrags: Re: Eis auf dem Alpi Verfasst: Fr Feb 03, 2012 19:37:41  Second onLake 2012 Registriert: Sa Jul 14, 2007 21:16:06 Beiträge: 214 Wohnort: Erfurt Hey, war heute nachmittag auf dem Eis (Schlittschuhe) Spitze hoffentlich schneit es nicht über Nacht. Wind, soll ja morgen auch nicht sein aber egal Oder _________________ Ich mach jetzt genau daß,was ich mir vor 40 Jahren vorgenommen habe; so wenig wie möglich. Nach oben       Täve   Betreff des Beitrags: Re: Eis auf dem Alpi Verfasst: Sa Feb 04, 2012 13:32:22  fast zu Hause hier Registriert: Sa Jul 23, 2005 01:33:28 Beiträge: 550 Wohnort: Vieselbach Hab zwei Eissurfer in den Bus gepackt. Mir war beim Einladen schon so kalt, dass ich wenig Lust verspüre dafür auch noch ein Segel aufzubauen. Mangels Wind werd ich wohl eher mit spikebestücktem Fahrrad aufschlagen. Wann plant ihr da zu sein? Täve _________________ Echte Männer benutzen keine aufblasbaren Sachen. Nach oben       Stadler   Betreff des Beitrags: Re: Eis auf dem Alpi Verfasst: So Feb 05, 2012 00:39:53  Vorstand / Vize Registriert: Do Nov 04, 2004 15:24:43 Beiträge: 1398 Wohnort: Erfurt / Tiefthal Es war ein schöner Nachmittag, es fehlte nur der Grill und das Bratgut, dann wäre es perfect gewesen. soll am Sonntag den 05.02.2012 gegen 13°° Uhr wiederholt werden, bringt warme Getränke und Verpflegung mit ! hier ein Beweisfoto: Dateianhänge: IMG_1157-1.jpg [ 326.68 KiB | 9615-mal betrachtet ] _________________ Früher zählte das erreichte, heute reicht das erzählte ! Nach oben       Tommy   Betreff des Beitrags: Re: Eis auf dem Alpi Verfasst: Mo Feb 06, 2012 18:02:55  fast zu Hause hier Registriert: Do Aug 07, 2008 16:00:37 Beiträge: 163 Wohnort: Kühnhausen Hallo Zusammen Ich das erste mal auf Schlittschuhen Ich hab Appetit auf Glühwein wer bringt welchen mit, ich stelle die Eisfläche zur Verfügung. See muss aber noch gefegt werden. Ich hoffe auf ein paar Zusagen. Ach so, Onlake Punkte gibt es auch nicht. Tommy Dateianhänge: Bild.jpg [ 251.89 KiB | 9555-mal betrachtet ] Nach oben       Tüte   Betreff des Beitrags: Re: Eis auf dem Alpi Verfasst: Di Feb 07, 2012 22:02:42  fast zu Hause hier Registriert: Sa Feb 12, 2005 11:11:57 Beiträge: 677 Wohnort: Sömmerda Reich macht nicht immer glücklich. Da hast Du Deinen See vor der Tür aber niemand der mit Dir spielt @Waldorf Warst Du schon Schlittschuh + Kite? Für Donnerstag wird Wind vorhergesagt. Hoffentlich spring mein Fahrgerät an. _________________ Der frühe Vogel kann mich mal! Nach oben       Tommy   Betreff des Beitrags: Re: Eis auf dem Alpi Verfasst: Mi Feb 08, 2012 12:47:23  fast zu Hause hier Registriert: Do Aug 07, 2008 16:00:37 Beiträge: 163 Wohnort: Kühnhausen Ich wollte ja nicht gerade behaupten, dass der See mir gehört. Aber wenn der Prophet nicht zum Berg kommt, kommt der Berg eben zum Alpi. Überraschenderweise geht es auch auf Skier. Dateianhänge: 2012-02-07 15.47.30.jpg [ 267.84 KiB | 9505-mal betrachtet ] Nach oben       Waldorf   Betreff des Beitrags: Re: Eis auf dem Alpi Verfasst: Mi Feb 08, 2012 16:48:11  Vorstand / Schatzmeister Registriert: Mi Nov 03, 2004 20:28:28 Beiträge: 514 Wohnort: Möbisburg Tüte hat geschrieben: Reich macht nicht immer glücklich. Da hast Du Deinen See vor der Tür aber niemand der mit Dir spielt @Waldorf Warst Du schon Schlittschuh + Kite? Für Donnerstag wird Wind vorhergesagt. Hoffentlich spring mein Fahrgerät an. Warten wir mal ab, dienstag war auch wind angesagt _________________ Wer nicht mindestens zwei drittel des Tages für sich hat, ist ein Sklave Nach oben       Erdbeerschorsch   Betreff des Beitrags: Re: Eis auf dem Alpi Verfasst: Mi Feb 08, 2012 23:14:12  Second onLake 2012 Registriert: Sa Jul 14, 2007 21:16:06 Beiträge: 214 Wohnort: Erfurt Genau, die Wetterfuzzis sind auch nicht mehr das was sie mal waren, ich sage nur \"Erderwärmung\"ich weiß nicht wo sie ist? _________________ Ich mach jetzt genau daß,was ich mir vor 40 Jahren vorgenommen habe; so wenig wie möglich. Nach oben       Waldorf   Betreff des Beitrags: Re: Eis auf dem Alpi Verfasst: Do Feb 09, 2012 20:49:54  Vorstand / Schatzmeister Registriert: Mi Nov 03, 2004 20:28:28 Beiträge: 514 Wohnort: Möbisburg Heute auf dem Alpi Dateianhänge: K640_K1024_P1020285.JPG [ 53 KiB | 9460-mal betrachtet ] K640_K1024_P1020284.JPG [ 50.88 KiB | 9460-mal betrachtet ] K640_K1024_P1020279.JPG [ 51.85 KiB | 9460-mal betrachtet ] _________________ Wer nicht mindestens zwei drittel des Tages für sich hat, ist ein Sklave Nach oben       Stadler   Betreff des Beitrags: Re: Eis auf dem Alpi Verfasst: Fr Feb 10, 2012 09:21:00  Vorstand / Vize Registriert: Do Nov 04, 2004 15:24:43 Beiträge: 1398 Wohnort: Erfurt / Tiefthal Freitag den 10.02. ab 13 °° auf dem Eis, Schneeschieber und Besen mitbringen ! mfg stadler _________________ Früher zählte das erreichte, heute reicht das erzählte ! Nach oben       Lord Helmchen   Betreff des Beitrags: Re: Eis auf dem Alpi Verfasst: Fr Feb 10, 2012 10:13:16  Vorstand / Kassenprüfer Registriert: Do Nov 04, 2004 15:24:43 Beiträge: 287 Wohnort: Erfurt Bin abheute nachmittag in richtung zillertal unterwegs. Naechste woche bin ich bestimmt auch mal mit schlittschuhen am start. Hat jemand einen puck? _________________ Sturmwarnungen sollte man nicht in den Wind schlagen ;-). Nach oben       Tüte   Betreff des Beitrags: Re: Eis auf dem Alpi Verfasst: Fr Feb 10, 2012 11:05:47  fast zu Hause hier Registriert: Sa Feb 12, 2005 11:11:57 Beiträge: 677 Wohnort: Sömmerda Einen Puck habe ich. Aber was nützt ein Puck, wenn nur Du und ich einen Schläger haben und ob nächste Woche das Eis noch gut ist. Man sollte die Feste feiern, wie sie fallen. Viel Spaß beim Rodeln _________________ Der frühe Vogel kann mich mal! Nach oben       Stadler   Betreff des Beitrags: Re: Eis auf dem Alpi Verfasst: Sa Feb 11, 2012 12:41:31  Vorstand / Vize Registriert: Do Nov 04, 2004 15:24:43 Beiträge: 1398 Wohnort: Erfurt / Tiefthal Treffpunkt: Samstag den 11.02. gegen 13°° auf dem Eis, bringt Bratgut und Getränke mit, Rost ist dabei. wer hat noch etwas Holzkohle hat, bitte mitbringen ! mfg stadler _________________ Früher zählte das erreichte, heute reicht das erzählte ! Nach oben       Stadler   Betreff des Beitrags: Re: Eis auf dem Alpi Verfasst: So Feb 12, 2012 23:02:34  Vorstand / Vize Registriert: Do Nov 04, 2004 15:24:43 Beiträge: 1398 Wohnort: Erfurt / Tiefthal Das war doch wieder mal ein schönes WE, hier einige Bilder vom Samstag und Sonntag Dateianhänge: Dateikommentar: Rast an der blauen Tonne IMG_7182k.jpg [ 349.72 KiB | 9330-mal betrachtet ] Dateikommentar: \" Fahrerlager \" IMG_3192k.jpg [ 474.79 KiB | 9330-mal betrachtet ] Dateikommentar: Stockeinsatz ist gefragt IMG_3186k.jpg [ 414.6 KiB | 9330-mal betrachtet ] Dateikommentar: Grilleinsatz IMG_3146k.jpg [ 394.44 KiB | 9330-mal betrachtet ] _________________ Früher zählte das erreichte, heute reicht das erzählte ! Nach oben       Erdbeerschorsch   Betreff des Beitrags: Re: Eis auf dem Alpi Verfasst: Mi Feb 15, 2012 19:45:52  Second onLake 2012 Registriert: Sa Jul 14, 2007 21:16:06 Beiträge: 214 Wohnort: Erfurt Hey war heute noch mal draußen, super Wind, aber das Eis ist schon \"mürbe\", wollte keinen Tauchgang machen _________________ Ich mach jetzt genau daß,was ich mir vor 40 Jahren vorgenommen habe; so wenig wie möglich. Nach oben       Täve   Betreff des Beitrags: Re: Eis auf dem Alpi Verfasst: Fr Feb 17, 2012 02:14:19  fast zu Hause hier Registriert: Sa Jul 23, 2005 01:33:28 Beiträge: 550 Wohnort: Vieselbach Wintersurfen in Kanada: _________________ Echte Männer benutzen keine aufblasbaren Sachen. Nach oben       popeye   Betreff des Beitrags: Re: Eis auf dem Alpi Verfasst: Fr Feb 17, 2012 20:59:27  Aufsteiger Registriert: Do Mär 19, 2009 20:48:52 Beiträge: 38 Wohnort: Großbrembach Moin Moin! Täve, du hast geschrieben, ds du zwei Eissurfer hast. Es würde mich mal interessieren ob du sie gekauft oder gebaut hast. Bist du schon damit gefahren? Vielleicht könntest du mal ein paar Fotos rein setzen. Nach oben       Martong   Betreff des Beitrags: Re: Eis auf dem Alpi Verfasst: Sa Feb 18, 2012 16:21:34  Strippenzieher Registriert: Mo Apr 23, 2007 21:39:46 Beiträge: 226 Wohnort: Erfurt ich traute meine Augen kaum...selbst heute noch Leute (russische Eisangler) auf dem Eis brüchiges Eis bis nicht mehr vorhanden war es nur auf den ersten 3 m dann ca 20 cm dick. _________________ manche denken ich steh auf der Leitung...dabei versuche ich nur weise zu wirken Nach oben       Tackleberry   Betreff des Beitrags: Re: Eis auf dem Alpi Verfasst: Fr Feb 24, 2012 12:09:59  Strippenzieher Registriert: Mi Jun 10, 2009 23:38:06 Beiträge: 22 Wohnort: Mellingen weiß jemand ob der alpi eisfrei ist????? morgen ist wind... grüße _________________ Wäre Wind, wäre ich nicht hier!!! Nach oben       Kaktus   Betreff des Beitrags: Re: Eis auf dem Alpi Verfasst: Fr Feb 24, 2012 13:50:04  Board-Doktor Registriert: So Dez 31, 2006 19:32:34 Beiträge: 693 Wohnort: Gotha Ich denke das dauert noch ein bisschen. Bei uns sind noch alle Gewässer mit Eis bedeckt. Aber wenn man sich mal die Temperaturentwicklung in den nächsten Tagen so ansieht, können wir vieleicht nächste Woche wieder aufs Wasser. Schauen wir mal. Kaktus _________________ Stress entsteht, wenn das Gehirn dem Körper verbietet, jemanden in den Arsch zu treten, der es eigentlich verdient hat. Nach oben       Erdbeerschorsch   Betreff des Beitrags: Re: Eis auf dem Alpi Verfasst: Fr Feb 24, 2012 19:49:02  Second onLake 2012 Registriert: Sa Jul 14, 2007 21:16:06 Beiträge: 214 Wohnort: Erfurt Hey zusammen, war heute nachmittag draußen,sieht \"nicht gut\" aus; Eis ist nur am Rand weg ansonsten noch sehr dick. _________________ Ich mach jetzt genau daß,was ich mir vor 40 Jahren vorgenommen habe; so wenig wie möglich. Nach oben       Martong   Betreff des Beitrags: Re: Eis auf dem Alpi Verfasst: Mo Feb 27, 2012 13:40:47  Strippenzieher Registriert: Mo Apr 23, 2007 21:39:46 Beiträge: 226 Wohnort: Erfurt Das war Samstag (im Mittel 5 cm): heut ist sicher alles weg. _________________ manche denken ich steh auf der Leitung...dabei versuche ich nur weise zu wirken Nach oben       Kaktus   Betreff des Beitrags: Re: Eis auf dem Alpi Verfasst: Mo Feb 27, 2012 23:12:20  Board-Doktor Registriert: So Dez 31, 2006 19:32:34 Beiträge: 693 Wohnort: Gotha Moin Männers, Ich hab heute Meldung von Silli bekommen. 2/3 sind heute schon eisfrei, bei den angesagten Temperaturen, brauchen wir jetzt nur noch auf Wind warten. Schauen wir mal. Kaktus _________________ Stress entsteht, wenn das Gehirn dem Körper verbietet, jemanden in den Arsch zu treten, der es eigentlich verdient hat. Nach oben       Stadler   Betreff des Beitrags: Re: Eis auf dem Alpi Verfasst: Di Feb 28, 2012 09:32:05  Vorstand / Vize Registriert: Do Nov 04, 2004 15:24:43 Beiträge: 1398 Wohnort: Erfurt / Tiefthal Kaktus hat geschrieben: Moin Männers, Ich hab heute Meldung von Silli bekommen. 2/3 sind heute schon eisfrei, bei den angesagten Temperaturen, brauchen wir jetzt nur noch auf Wind warten.Schauen wir mal. Kaktus und damit tritt die 20 grad regelung bei mir wieder in kraft, hat also alles noch ein bisschen Zeit mit dem surfen also: ganz ruhig Kaktus, es dauert noch ein bisschen _________________ Früher zählte das erreichte, heute reicht das erzählte ! Nach oben       Beiträge der letzten Zeit anzeigen: Alle Beiträge 1 Tag 7 Tage 2 Wochen 1 Monat 3 Monate 6 Monate 1 Jahr  Sortiere nach Autor Erstellungsdatum Betreff Aufsteigend Absteigend     Seite 1 von 1  [ 27 Beiträge ]  Foren-Übersicht » Diskussion » Allgemeines Alle Zeiten sind UTC + 2 Stunden [ Sommerzeit ] Wer ist online? Mitglieder in diesem Forum: 0 Mitglieder und 3 Gäste Du darfst keine neuen Themen in diesem Forum erstellen. Du darfst keine Antworten zu Themen in diesem Forum erstellen. Du darfst deine Beiträge in diesem Forum nicht ändern. Du darfst deine Beiträge in diesem Forum nicht löschen. Du darfst keine Dateianhänge in diesem Forum erstellen. Suche nach: Gehe zu:  Wähle ein Forum aus ------------------ Diskussion    Allgemeines    Alpilake spezial    Verein - Inside    Speedrausch    Neues und Abgewetztes    Trips und Tips    Windsurfing-Erfurt e.V.    Kiten und andere Randsportarten    Boardwerkstatt Ärger mit dem Bus    T3 bis T5    Vito / Viano    Ducato/Peugeot/Citroen/Opel/Hyndai und Co.  Powered by phpBB® Forum Software © phpBB Group Deutsche Übersetzung durch phpBB.de ","title":"WSC - Alpilake • Thema anzeigen - Eis auf dem Alpi","desc":null,"details":{"length":13981,"language":"de","date":"2014/10/31 16:18:36","type":"application/xhtml+xml","country":""},"crawling":{"duration":"1","date":"2014/10/31 16:18:36"},"metas":[{"name":"resource-type","value":"document"},{"name":"distribution","value":"global"},{"name":"keywords","value":""},{"name":"description","value":""},{"name":"twitter:card","value":"app"},{"name":"twitter:app:id:iphone","value":"307880732"},{"name":"twitter:app:url:iphone","value":"tapatalk://www.alpilake.de/forum/?"},{"name":"twitter:app:id:ipad","value":"307880732"},{"name":"twitter:app:url:ipad","value":"tapatalk://www.alpilake.de/forum/?"},{"name":"twitter:app:id:googleplay","value":"com.quoord.tapatalkpro.activity"},{"name":"twitter:app:url:googleplay","value":"tapatalk://www.alpilake.de/forum/?"}],"uri":{"protocol":"http","domain":"de.windsurfcenter.","url":"http://windsurfcenter.de/forum/viewtopic.php?p=8634&sid=ad542c6873342a2faec8166dc03947b0"}}},{"_index":"de_content_201410","_type":"resourceQ","_id":"http://rst-legden.de/das+unternehmen/leistungen/mitarbeiter/aktuelles/unsere+serienartikel/styles/style2.css","_score":1.0, "_source" : {"body":" Büro 02566 93 45 40 Fax 02566 93 45 42 info@rst-legden.de Startseite Aktuelles Das Unternehmen Mitarbeiter Leistungen Referenzen Waterjet Unsere Serienartikel Mediathek Kontakt Herzlich willkommen! Als Meisterbetrieb sind wir seit vielen Jahren in Legden für Sie vor Ort und erfüllen Kundenwünsche rund um die Bereiche Metallbau und Bauschlosserei. Wir verfügen über qualifiziertes Personal, das Aufträge mit hohen technischen Anforderungen termin- und qualitätsgerecht abwickelt. Anlagenmontagen, komplette Demontagen als auch reine Montageleistungen werden von uns erbracht. Alle Aufträge unterliegen einer für den Kunden transparenten Ablaufplanung. Auch die reine Beistellung von Personal ist möglich. Darüber hinaus begleitet RST seine Kunden auch bei der Wartung und Instandhaltung der Anlagen und führt Terminarbeiten in Planstillständen aus. Die nachfolgende Übersicht gibt Ihnen einen kurzen Überblick: Metall- und Stahlbau Blechbearbeitung Industriemontage Edelstahlverarbeitung Wasserstrahlschneiden Anlagenreparatur CNC- Zerspanung Biogastechnik Schweißfachbetrieb Verteilerbau Landtechnik   Wir sind ein nach DIN 18800-7 zertifiziertes Unternehmen. Startseite | Aktuelles | Das Unternehmen | Mitarbeiter | Leistungen | Referenzen | Waterjet | Unsere Serienartikel | Mediathek | Kontakt | Stellenangebote | Impressum | Sitemap Copyright © 2014 RST Rohr- Systemtechnik e.K.. Alle Rechte vorbehalten.                                                                                                                                                                ","title":"RST Rohr-Systemtechnik e.K.","desc":null,"details":{"length":1571,"language":"de","date":"2014/10/31 16:18:36","type":"application/xhtml+xml","country":""},"crawling":{"duration":"1","date":"2014/10/31 16:18:36"},"metas":[],"uri":{"protocol":"http","domain":"de.rst-legden.","url":"http://rst-legden.de/das+unternehmen/leistungen/mitarbeiter/aktuelles/unsere+serienartikel/styles/style2.css"}}},{"_index":"de_content_201410","_type":"resourceQ","_id":"http://wpp.dc6hb.de/memberslist.php?sid=8a69f271d2cdd34df99e4002abb5677f","_score":1.0, "_source" : {"body":" Ihnen wird der Zutritt zu dieser Seite verwehrt. Aus einem der folgenden Gründe fehlt Ihnen die Berechtigung, diese Seite zu betreten: Sie sind im Forum nicht angemeldet. Einige Bereiche und Funktionen im Forum sind nur für angemeldete Benutzer zugänglich. Bitte nutzen Sie die Eingabemöglichkeit auf dieser Seite, um sich anzumelden. Falls Sie nicht registriert sind, können Sie dies hier tun. Ihr Benutzeraccount könnte gesperrt worden sein. Melden Sie sich gegebenenfalls ab und kontaktieren den zuständigen Administrator. Es gibt Bereiche im Forum, die bestimmten Benutzer vorbehalten sind. Sie haben Möglicherweise versucht einen solchen Bereich zu betreten. Benutzername: Registrierung Passwort: Passwort vergessen Powered by Burning Board 2.1.5 © 2001-2003 WoltLab GmbH Das WPP-Help-Portal ist eine private Initiative © 2003-2004 by DC6HB (Impressum) in Zusammenarbeit mit DH3WW ","title":" WPP-Help-Portal | Ihnen wird der Zutritt zu dieser Seite verwehrt.","desc":null,"details":{"length":887,"language":"de","date":"2014/10/31 16:18:36","type":"application/xhtml+xml","country":""},"crawling":{"duration":"1","date":"2014/10/31 16:18:36"},"metas":[],"uri":{"protocol":"http","domain":"de.dc6hb.wpp.","url":"http://wpp.dc6hb.de/memberslist.php?sid=8a69f271d2cdd34df99e4002abb5677f"}}},{"_index":"de_content_201410","_type":"resourceQ","_id":"https://freie-kunst-akademie-augsburg.de/kurse?d=4-63-45-44&p=1&page=1&t=18-13","_score":1.0, "_source" : {"body":" Direkt zum Inhalt Freie Kunst Akademie Augsburg Kurse Dozenten ▾ Mehr Kontakt Katalog Übernachtung Praktikum Gästebuch ▾ Anmelden E-Mail * Geben Sie Ihre E-Mail-Adresse ein. Passwort * Geben Sie Ihr Passwort ein. svoiduvoseowrie To prevent automated spam submissions leave this field empty. Passwort vergessen? Noch kein Benutzerkonto? Hier Konto erstellen. Termin Wählen Sie einen Zeitraum Dozenten Gabriele Fischer Stephan Juttner Peter Maydl Jeannette Scheidle Elke Albrecht Gerhard Almbauer Elisabeth Bader Gabriele Boulanger Prof. Jo Bukowski Patricia Cabaleiro Christian Eckler Burga Endhardt Heinz Felbermair Ingrid Olga Fischer Andrea Gross Sylvia Heidenblut Ran-Sou Shin von der Heyden Ines Hildur Uli Hochmann Christiane ten Hoevel Ramona Hoffmann Uli Hoiß Karen Irmer Annette Janle Rainer Kaiser Daniela Kammerer Sascha Kempter Norbert Kiening Sabine Kinder Georg Kleber Christofer Kochs Monika Kössl Renate Kutke Dagmar Langer Annette Lehrmann Hans-Martin Lohrmann Josua Mattern Bogdan Pascu, Mag.art. Heike Pillemann Esther Irina Pschibul Andrea Rozorea Andrea Sandner Regine Schmidt-Morsbach Beatrice Schmucker Zuzanna Skiba Getrud Sohler Monika Sokol Prof. Piotr Sonnewend Heidrun Stallwanger Angela Stauber Robert Süess Stefan Wehmeier Monika Wex Rafael Zielinski Ort Kloster St. Stephan Schloss Blumenthal Exkursion Plätze nur Kurse mit freien Plätzen Sommerakademie nur Sommerakademie Techniken Digitale Bildbearbeitung Zeichnung Aktmalerei & Aktzeichnen Aquarell Bildhauerei Druckgrafik Fotografie & Fotographische Mischtechniken Hinterglasmalerei Kalligraphie Keramik Malerei Mappenvorbereitung Mischtechniken Skizzenbuchgestaltung Buchstabe | Form | Ausdruck Peter Maydl 12.09. - 14.09.14 Coloured Days Stephan Juttner 21.11. - 23.11.14 Bella figura Gabriele Fischer 09.05. - 10.05.15 Service Gästebuch Katalog Parken Übernachtung Lexikon Gutscheine Über uns Praktikum Impressionen Konzept Räume Augsburg St. Stephan Schloss Blumenthal Rechtliches AGB Datenschutz Impressum Folgen Sie uns ","title":"Kurse | Freie Kunst Akademie Augsburg","desc":null,"details":{"length":2011,"language":"de","date":"2014/10/31 16:18:36","type":"text/html","country":""},"crawling":{"duration":"1","date":"2014/10/31 16:18:36"},"metas":[{"name":"Generator","value":"Drupal 7 (http://drupal.org)"},{"name":"viewport","value":"width=device-width, initial-scale=1"}],"uri":{"protocol":"https","domain":"de.freie-kunst-akademie-augsburg.","url":"https://freie-kunst-akademie-augsburg.de/kurse?d=4-63-45-44&p=1&page=1&t=18-13"}}},{"_index":"de_content_201410","_type":"resourceQ","_id":"http://car-shop-online.de/index.php?cat=c59824_bremssattel.html&xtcsid=hu7av17m7qh1o9qr9ik4bls370","_score":1.0, "_source" : {"body":" Startseite » Katalog » KANGOO » KANGOO » 1.5 dCi » Bremsanlage » Bremssattel Suche Schnellkauf Bitte geben Sie die Artikelnummer aus unserem Katalog ein.         Home  Mein Konto   Mein Warenkorb     Anfrage Fahrzeugtypen Kategorien   AVANTIME   CLIO   ESPACE   KANGOO  -    KANGOO      1.2      1.2 16V      1.4      1.5 dCi        Abgasanlage        Achsaufhängung        Benzineinspritzanlage        Bremsanlage          Bremslichtschalter          Bremssattel            Bremssattel/Träger          Bremsschläuche          Feststellbremse          Hauptbremszylinder          Hebel/Seile/Züge          Radzylinder          Scheibenbremse          Trommelbremse          Vakuumpumpe        Dieseleinspritzanlage        Elektrik        Federung/Dämpfung        Filter        Getriebe        Heizung/Lüftung        Informationssysteme        Innenausstattung        Karosserie        Klimaanlage        Kraftstoffförderanlage        Kupplung/Anbauteile        Kühlung        Lenkung        Leuchten        Motor        Radantrieb        Scheibenreinigung        Schließanlage        Zubehör        Zünd/Glühanlage      1.5 dCi      1.5 dCi      1.6 16V      1.6 16V 4x4      1.6 16V bivalent      1.9 dCi 4x4      1.9 dCi 4x4      1.9 dTi      D 55 1.9      D 65 1.9  -    KANGOO Express   LAGUNA   MASTER   MEGANE   MODUS   R 11   R 19   R 20   R 21   R 25   R 4   R 5   R 9   RAPID   SAFRANE   SPORT SPIDER   TRAFIC   TWINGO   VEL SATIS Mein Konto Willkommen zurück!   Ihre E-Mailadresse: : Noch nicht registriert? Hier klicken Kundengruppe   Kundengruppe: Gast Informationen   Mehr über.. Liefer- und Versandkosten Privatsphäre und Datenschutz Unsere AGB Impressum Kontakt / Anfrage         Bremssattel Weitere Unterkategorien: Bremssattel/Träger                   Mein Warenkorb     Warenkorb Sie haben noch keine Produkte in Ihrem Warenkorb. Ab 100 € liefern wir innerhalb von Deutschland versandkostenfrei! Bestseller          Suche     Alle angegebenen Vergleichsnummern, Vergleichspreise, Namen von Fahrzeugtypen usw. sind eingetragene Warenzeichen der jeweiligen Eigentümer. Sie werden lediglich genannt um Verwechslungen zu vermeiden und stellen keine Herkunftsbezeichnung dar. ©2008 car-shop-online     Anmelden/Login | Registrieren/Create Account | Versand/Shipping | AGB/Conditions | Impressum/About Us | Kontakt/Contact Us 7 eCommerce Engine © 2004 xt:Commerce","title":"xenecashop 5.1 edition2006 von www.stiltec.de - Bremssattel","desc":null,"details":{"length":2376,"language":"de","date":"2014/10/31 16:18:37","type":"text/html","country":""},"crawling":{"duration":"1","date":"2014/10/31 16:18:37"},"metas":[{"name":"generator","value":"(c) by xtcommerce , xtcommerce "},{"name":"robots","value":"index,follow"},{"name":"language","value":"de"},{"name":"author","value":""},{"name":"publisher","value":""},{"name":"company","value":""},{"name":"page-topic","value":"shopping"},{"name":"reply-to","value":"xx@xx.com"},{"name":"distribution","value":"global"},{"name":"revisit-after","value":"14"},{"name":"description","value":""},{"name":"keywords","value":""}],"uri":{"protocol":"http","domain":"de.car-shop-online.","url":"http://car-shop-online.de/index.php?cat=c59824_bremssattel.html&xtcsid=hu7av17m7qh1o9qr9ik4bls370"}}},{"_index":"de_content_201410","_type":"resourceQ","_id":"http://bil-industrielackiererei.de/hp557/qualitaetssicherung.htm?itserv=c32c05165x14673a877abx77ed","_score":1.0, "_source" : {"body":" BIL Burkhartsmaier Industrielackiererei GmbH Kelheimer Strasse 2a 91154 Roth Telefon: 09171 9759-310 Telefax: 09171 9759-399 E-Mail: s.domin@bil-industrielackiererei.de Gruppe News Kontakt Anfahrt Impressum AGB Hauptmenü anzeigen über uns Ansprechpartner Kontakt Anfahrt Vorbehandlung Optische-Lackierungen Materialien Arbeitsbeispiele Referenzen Schutz-Lackierungen Materialien Referenzen Anlagen Logistik Service Montage Kommissionieren Zertifizierungen Qualitätssicherung über uns Vorbehandlung Optische-Lackierungen Schutz-Lackierungen Anlagen Logistik Service Montage Kommissionieren Zertifizierungen Qualitätssicherung Qualitätssicherung Bei unserer Produktion ist alles auf höchste Qualität eingestellt. Zur Kontrolle verwenden wir Geräte zur Messung der μm-Stärke, die erhaltenen Werte werden in einem Protokoll sauber geführt und stehen ihnen jederzeit zur Verfügung. Ebenso sorgfältig führen genaue Gitterschnitt Tests durch, um die Werte der Haftung einzuhalten. Im gesamten Unternehmen arbeiten wir sehr streng nach der ISO Zertifizierung 9001:2008. Natürlich kümmern wir uns auch um die sachgerechte Verpackung Ihrer lackierten Werkstücke und gewährleisten so, dass die von uns hergestellte Qualität auch bei Ihnen unbeschadet ankommt.  Unsere verschiedenen Messverfahren Schichtstärkenmessung Rauheitstiefenmessung Farbbeurteilung und Farbmessung Messung des Glanzgrades Messung der Dicke des Beschichtungsauftrages Mechanische Widerstandsfähigkeit in der Schlagtestanlage Gitterschnittmessung um die Haftung der Beschichtung am Werkstück zu messen   Stellenangebote Ausbildung zum Verfahrensmechaniker Komm zu BIL und mach hier eine tolle Ausbildung. Leg den Grundstein für deine erfolgreiche, berufliche Zukunft weiterlesen » News Seite 1 2 BIL tritt dem Umweltpakt Bayern bei (20.03.2014) Mit BIL Industrielackiererei tritt ein weiteres Unternehmen der Burkhartsmaier Gruppe dem Umweltpakt Bayern bei. weiterlesen » Tampon Druck (20.03.2014) Mit dem Tampondruck wird das Bedrucken von gewölbten Flächen möglich... weiterlesen » Seite 1 2 Seitenanfang Seite drucken ","title":"Qualitätssicherung | BIL","desc":"Qualitätssicherung | BIL","details":{"length":2083,"language":"de","date":"2014/10/31 16:18:38","type":"text/html","country":""},"crawling":{"duration":"1","date":"2014/10/31 16:18:38"},"metas":[{"name":"Robots","value":"index,follow"},{"name":"keywords","value":"Qualitätssicherung | BIL"},{"name":"description","value":"Qualitätssicherung | BIL"},{"name":"generator","value":"auctores CMS"},{"name":"author","value":"auctores"},{"name":"viewport","value":"width=device-width, initial-scale=1"},{"name":"apple-mobile-web-app-capable","value":"yes"}],"uri":{"protocol":"http","domain":"de.bil-industrielackiererei.","url":"http://bil-industrielackiererei.de/hp557/qualitaetssicherung.htm?itserv=c32c05165x14673a877abx77ed"}}},{"_index":"de_content_201410","_type":"resourceQ","_id":"http://forum.kistehgw.de/memberlist.php?first_char=v&mode&sd=a&sid=841dd8d8a4ce802e094a8c8c92000b80&sk=b","_score":1.0, "_source" : {"body":" Zum Inhalt Erweiterte Suche Foren-Übersicht Ändere Schriftgröße FAQ Mitglieder Anmelden Mitglieder Nach einem Mitglied suchen • Alle  A  B  C  D  E  F  G  H  I  J  K  L  M  N  O  P  Q  R  S  T  U  V  W  X  Y  Z  Anderes Zeichen  0 Mitglieder • Seite 1 von 1 Rang Benutzername Beiträge Website, Wohnort Registriert Es wurden keine Mitglieder gefunden, die den Suchkriterien entsprechen. 0 Mitglieder • Seite 1 von 1 Gehe zu: Wähle ein Forum aus ------------------ Ankündigungen Intellektueller Austausch    Kickern Lob, Kritik, Ideen Foren-Übersicht Das Team • Alle Cookies des Boards löschen • Alle Zeiten sind UTC + 1 Stunde [ Sommerzeit ] Powered by phpBB® Forum Software © phpBB Group Deutsche Übersetzung durch phpBB.de ","title":" • Mitglieder","desc":null,"details":{"length":725,"language":"de","date":"2014/10/31 16:18:38","type":"application/xhtml+xml","country":""},"crawling":{"duration":"1","date":"2014/10/31 16:18:38"},"metas":[{"name":"resource-type","value":"document"},{"name":"distribution","value":"global"},{"name":"keywords","value":""},{"name":"description","value":""}],"uri":{"protocol":"http","domain":"de.kistehgw.forum.","url":"http://forum.kistehgw.de/memberlist.php?first_char=v&mode&sd=a&sid=841dd8d8a4ce802e094a8c8c92000b80&sk=b"}}},{"_index":"de_content_201410","_type":"resourceQ","_id":"http://focus-st-forum.de/memberlist.php?mode=viewprofile&sid=65b6a74fd2a2c2c6fbcb003dac3c0614&u=7037","_score":1.0, "_source" : {"body":" -= FocusFans Forum =- ...where the good people meet! Anmelden    Registrieren FAQ Aktuelle Zeit: Fr Jul 04, 2014 13:59 pm Portal » Foren-Übersicht Alle Zeiten sind UTC + 1 Stunde Anmelden Du musst registriert und angemeldet sein, um Profile anzuschauen. Du musst in diesem Forum registriert sein, um dich anmelden zu können. Die Registrierung ist in wenigen Augenblicken erledigt und ermöglicht dir, auf weitere Funktionen zuzugreifen. Die Board-Administration kann registrierten Benutzern auch zusätzliche Berechtigungen zuweisen. Beachte bitte unsere Nutzungsbedingungen und die verwandten Regelungen, bevor du dich registrierst. Bitte beachte auch die jeweiligen Forenregeln, wenn du dich in diesem Board bewegst. Nutzungsbedingungen | Datenschutzrichtlinie Benutzername: Registrieren Passwort: Ich habe mein Passwort vergessen Die Aktivierungs-E-Mail erneut senden   Mich bei jedem Besuch automatisch anmelden   Meinen Online-Status während dieser Sitzung verbergen Portal » Foren-Übersicht Alle Zeiten sind UTC + 1 Stunde Gehe zu:  Wähle ein Forum aus ------------------ FocusForum    Focus MK1 Forum    Focus MK2 Forum    Focus MK3 Forum    Focus RS Forum    ST Forum    Ford Modelle allgemein    FocusFans Worldwide!    Focus Wissensarchiv    Focus Galerie Allgemeines Forum    Off-Topic    Autos Allgemein + Car Hi-Fi/Show & Shine    Termine und Treffen Privater Teilemarkt    Teile Angebote    Teile Suche    Ford Teile Nummern Sponsoren Forum    European-Parts  Powered by phpBB® Forum Software © phpBB Group Deutsche Übersetzung durch phpBB.de ","title":"-= FocusFans Forum =- • Anmelden","desc":null,"details":{"length":1556,"language":"de","date":"2014/10/31 16:18:38","type":"application/xhtml+xml","country":""},"crawling":{"duration":"1","date":"2014/10/31 16:18:38"},"metas":[{"name":"resource-type","value":"document"},{"name":"distribution","value":"global"},{"name":"keywords","value":""},{"name":"description","value":""}],"uri":{"protocol":"http","domain":"de.focus-st-forum.","url":"http://focus-st-forum.de/memberlist.php?mode=viewprofile&sid=65b6a74fd2a2c2c6fbcb003dac3c0614&u=7037"}}},{"_index":"de_content_201410","_type":"resourceQ","_id":"http://beyerdynamic.de/shop/hah/headphones-and-headsets.html?anschlusskabel_und_stecker_kopfhoerer_und_headsets=598&cat=110&impedanz_hoerer=192&konstruktion=268","_score":1.0, "_source" : {"body":" Deutschland / Österreich / Schweiz Western Europe Eastern Europe Asia-Pacific / India Africa / Middle-East Latin America North America Startseite Produkte Shop Unternehmen Service Referenzen Vertriebspartner Veranstaltungen   loading ... Produkt News Jobs Presse Kontakt Extranet Kopfhörer & Headsets Zu Hause Unterwegs Gaming & Multimedia Studio & Bühne DJs Dolmetscher Interkom, Rundfunk & TV Audiometrie Hörunterstützung Mikrofone Gesang & Instrumente Film & Reportage Durchsagen Präsentationen & Vorträge Tele- & Videokonferenzen Multimediaanwendungen Besucherführungssysteme Konferenztechnik Konferenzsysteme Dolmetschersysteme Voting-System Installationsmikrofone Drahtlose Mikrofone Konferenz- & Aufnahmesoftware Mischer Besucherführungssystem MANUFAKTUR Hifi MANUFAKTUR Gaming MANUFAKTUR Sie sind hier: Kopfhörer & Headsets Category Navigation: Kopfhörer & Headsets Zu Hause Unterwegs Gaming & Multimedia Studio & Bühne DJs Dolmetscher Interkom, Rundfunk & TV Audiometrie Hörunterstützung Zubehör Ersatzteile News Veranstaltungen Testberichte FAQs   Kopfhörer & Headsets   DT 108/109 Serie Klassische Hör-Sprechgarnituren mit dynamischem Mikrofon für Broadcast, Intercom und Sprachlehrbetrieb. DT 108 DT 109  Artikelnummer: DT 108/109 Series nur im Fachhandel erhältlich   beyerdnamic - Kopfhörer und Headsets Die beyerdynamic Kopfhörer- und Headset-Produktpalette umfasst neben HiFi Kopfhörern auch In-Ear Kopfhörer für zu Hause und unterwegs, Kopfhörer und Headsets für Live-, Studio- und Broadcastanwendungen, Headsets für die Welt des Gaming als auch für Dolmetscher, Interkom, TV-Kommentatoren und Moderatoren. In der beyerdynamic MANUFAKTUR lassen sich Kopfhörer individuell nach Ihren Wünschen gestaltet und werden am Standort Heilbronn von Hand gefertigt.   Produktfilter Momentane Filter Kategorie: Interkom, Rundfunk & TV Bauweise (Arbeitsprinzip): Geschlossen Kopfhörer Impedanz: 400 Ohm Kabel & Stecker: Steckbares Kabel – verschiedene Anschlussvarianten erhältlich Kategorie Headsets für Interkom (1) Bauform Ohrumschließend (1) Übertragungsart Kabelgebunden (1) Art der Schalldämmung Passiv (1) Wandlerprinzip Aufbau des Wandlersystems als dynamisches Tauchspulen- oder Bändchenmikrofon oder als Kondensatormikrofon. für Mikrofon Dynamisch - Hyperniere (1) Richtcharakteristik Mikrofon Die Richtcharakteristik ist die bevorzugte Aufnahmerichtung des Mikrofons. Gemäß der Form auf dem entsprechenden Messschrieb gibt es Kugel-, Nieren-, Super- oder Hyperniern- wie auch Achtercharakteristiken. Hyperniere (1) Preis 140,00 € - 150,00 € (1) Innovation: Tesla Technologie beyerdynamic Kopfhörer und Headsets mit Tesla Technologie Faszination Headzone 5.1 Surround Sound mit Kopfhörern Headzone® konfigurieren  Mehr Informationen über Headzone® news T 70 | T 70 p: High-End-Klang zu Hause und unterwegs » mehr lesen Erstes Tesla-Headset für unterwegs mit Smartphone-Fernbedienung (Apple-zertifiziert) » mehr lesen   beyerdynamic Einst & Heute Manufaktur Tesla-Technologie Veranstaltungen beyerdynamic Academy Vertriebspartner Kundenservice Ersatzteile Reparaturen Zubehör Registrierung Garantie Downloads Bedienungsanleitungen Kataloge Software Firmware Datenblätter Konferenz Konferenzsysteme Dolmetschersysteme Referenzen Revoluto Besucherführung Rechtliche Informationen Allgemeine Geschäftsbedingungen (AGB) Verbraucherinformation Versandkosten Kontakt Kontakt Vertriebspartner Extranet Impressum Sitemap Kunden-Login Merkzettel Warenkorb 0 Items 0,00 € ","title":"beyerdynamic Kopfhörer und Headsets im Online Shop bestellen","desc":"Kopfhörervielfalt direkt vom Hersteller: HiFi Kopfhörer, In-Ear Kopfhörer, Gaming-Headsets, Headsets und Kopfhörer für Tonstudios, Dolmetscher, Moderatoren uvm. - Made in Germany.","details":{"length":3476,"language":"de","date":"2014/10/31 16:18:38","type":"application/xhtml+xml","country":""},"crawling":{"duration":"1","date":"2014/10/31 16:18:38"},"metas":[{"name":"description","value":"Kopfhörervielfalt direkt vom Hersteller: HiFi Kopfhörer, In-Ear Kopfhörer, Gaming-Headsets, Headsets und Kopfhörer für Tonstudios, Dolmetscher, Moderatoren uvm. - Made in Germany.   "},{"name":"keywords","value":"beyerdynamic"},{"name":"robots","value":"INDEX,FOLLOW"},{"name":"st:type","value":"shop"}],"uri":{"protocol":"http","domain":"de.beyerdynamic.","url":"http://beyerdynamic.de/shop/hah/headphones-and-headsets.html?anschlusskabel_und_stecker_kopfhoerer_und_headsets=598&cat=110&impedanz_hoerer=192&konstruktion=268"}}},{"_index":"de_content_201410","_type":"resourceQ","_id":"http://wow-last-man-standing.de/listevents.php?s=e2c6025efa5f7e48f9c6e39190ed9c5cd5838134&sort=3%7cdesc","_score":1.0, "_source" : {"body":" x #{title} #{text} x #{title} #{text} x #{title} #{text}   •   Dienstag, 1. Juli 2014 11:49 Die Mal'ganis Gilde   Portal DKP-System Forum     Spielersuche Zur Zeit werden keine Mitglieder gesucht.   Menü News Punktestand Roster Raids Ereignisse Item-Historie Benutzerliste Forum   User-Menü Anmelden Registrieren   Links EQDKP-Plus   User Online   DKP Infos Raids 37 Spieler 16 Gegenstände 180   Teamspeak 3   No feed for your game or language available. Ereignisse Ereignis MultiDKP-Pool(s) Item-Pool(s) Wert Siege of Orgrimmar SoO MoP 5.4 0.00 Der Thron des Donners (10) mop mop 0.00 Terrasse des Endlosen Frühlings (10) mop mop 0.00 Das Herz der Angst (10) mop mop 0.00 Mogu'shangewölbe (10) mop mop 0.00 ... 5 Ereignis(se) gefunden / 100 pro Seite SQL Querys: 7 | in 210,35ms | 13,038 kb | XHTML Validate EQDKP-PLUS 1.0.0 © 2014 by EQdkp-Plus Team ","title":"Ereignisse - Last Man Standing DKP","desc":"Last Man Standing","details":{"length":853,"language":"de","date":"2014/10/31 16:18:35","type":"application/xhtml+xml","country":""},"crawling":{"duration":"1","date":"2014/10/31 16:18:35"},"metas":[{"name":"keywords","value":"Last Man Standing, wow, Mal'Ganis"},{"name":"description","value":"Last Man Standing"},{"name":"author","value":"Last Man Standing"}],"uri":{"protocol":"http","domain":"de.wow-last-man-standing.","url":"http://wow-last-man-standing.de/listevents.php?s=e2c6025efa5f7e48f9c6e39190ed9c5cd5838134&sort=3%7cdesc"}}},{"_index":"de_content_201410","_type":"resourceQ","_id":"http://wol-clan.de/index.php?page=taggedobjects&s=c50376091b60a93522d8c76c14163e67169af826&tagid=148","_score":1.0, "_source" : {"body":" Sie sind nicht angemeldet. Anmelden Ungelesene Beiträge Unbeantwortete Themen Themen der letzten 24 Stunden Erweiterte Suche Warriors of Light Forum Games Teeworlds Runscape Minecraft MinEvil Alldos Online Guild Wars 2 Mitglieder Galerie Downloads Wiki Extras Kalender Karte Statistik Partner Birthday! Clanvideo Clanvideo Warriors of Light » Ergebnisse für »geil« Lieber Besucher, herzlich willkommen bei: Warriors of Light. Falls dies Ihr erster Besuch auf dieser Seite ist, lesen Sie sich bitte die Hilfe durch. Dort wird Ihnen die Bedienung dieser Seite näher erläutert. Darüber hinaus sollten Sie sich registrieren, um alle Funktionen dieser Seite nutzen zu können. Benutzen Sie das Registrierungsformular, um sich zu registrieren oder informieren Sie sich ausführlich über den Registrierungsvorgang. Falls Sie sich bereits zu einem früheren Zeitpunkt registriert haben, können Sie sich hier anmelden. Die beliebtesten Tags :D anime Baum Bewerbung bug Bumb3r:) Bumby clan co dorf Ferien fun geil Golfi grafik Ictf jungel Keksi ist cool SnoopY Schoki Baum Keks Coca Cola Chips käsekuchen käsy leader loch lol maggot map mc Minecraft neue Maps Trinkflasche trinkmap trinkanator Jungle Trap wol online roflcopter Sai Saijrae schwein Shop Snoopy Snoopy Snoop spastomatiko Stadt teeworlds tnt Trinkflasche turm tötungsarten Umfrage untergrundstadt Urlaub versteckt versteckte WoL xd Hilfe Shoutbox Archiv Impressum Nutzungsbestimmungen Spenden Stil ändern GG - Green GRay mobileExtended Blue mp_wbb_001 - Mobile Shoutbox Only Wol-Clan Design | by moon-soft.de Wol-Guild Wars 2 Wol-MinEcraft Design Dienstag, 1. Juli 2014, 10:49 Zum Seitenanfang Forensoftware: Burning Board® 3.1.7, entwickelt von WoltLab® GmbH Forum online seit 3 Jahren, 8 Monaten, 14 Tagen, 7 Stunden und 21 Minuten Dauerhaft angemeldet bleiben? ","title":"Ergebnisse für »geil« - Warriors of Light","desc":"Der Teeworlds Allround Clan! Clan gegründet von Käsekuchen! Wir spielen DDRace, Race, Vanilla, Ball, Fly, Instagib, City, ...","details":{"length":1816,"language":"de","date":"2014/10/31 16:18:35","type":"application/xhtml+xml","country":""},"crawling":{"duration":"1","date":"2014/10/31 16:18:35"},"metas":[{"name":"description","value":"Der Teeworlds Allround Clan! Clan gegründet von Käsekuchen! Wir spielen DDRace, Race, Vanilla, Ball, Fly, Instagib, City, ..."},{"name":"keywords","value":"WoL Tw Clan Teeworlds Warriors of Light Allround Race Vanilla DDRace Fly Ball Client  Käsekuchen Sky Maggot Design "}],"uri":{"protocol":"http","domain":"de.wol-clan.","url":"http://wol-clan.de/index.php?page=taggedobjects&s=c50376091b60a93522d8c76c14163e67169af826&tagid=148"}}},{"_index":"de_content_201410","_type":"resourceQ","_id":"http://treser-club.de/forum/viewforum.php?f=1&sid=825b17e8ec40a06c36d67a4a886b9d9f","_score":1.0, "_source" : {"body":" Treser Club Forum Das Forum rund ums Autovergnügen     FAQ    Suchen    Mitgliederliste    Benutzergruppen    Registrieren    Profil    Einloggen, um private Nachrichten zu lesen    Login  Veranstaltungen Moderatoren: Christian, Carsten Benutzer in diesem Forum: Keine Gehe zu Seite 1, 2, 3, 4, 5, 6   Weiter     Treser Club Forum Foren-Übersicht -> Veranstaltungen Alle Themen als gelesen markieren  Themen   Antworten   Autor   Aufrufe   Letzter Beitrag  Wichtig: Was kommt in dieses Forum? 0 Christian 1655 14.12.2005 14:54 Christian Clubabend 25.06.14 im Clublokal \"Specht\"+Mai-Fotos 0 Carsten 26 11.06.2014 12:54 Carsten Kult der 70er Jahre trifft sich am 5.7.2014 in Lachem 0 Ovali411 47 01.06.2014 09:44 Ovali411 Clubabend 28.05.14 im Clublokal \"Specht\" + Vortrag 0 Carsten 105 06.05.2014 08:21 Carsten Clubabend 30.04.14 im neuen Clublokal \"Specht\" 0 Carsten 58 11.04.2014 10:38 Carsten Sommertreffen vom 2.-4.5.14 in Hameln + Nennungsliste 1 Carsten 302 09.04.2014 13:12 Carsten Clubabend 26.03.14 im neuen Clublokal \"Specht\" 0 Carsten 65 11.03.2014 14:44 Carsten Beifahrer-Lehrgang für Oldtimer-Rallyes am 8.3.14 0 Carsten 66 11.02.2014 13:12 Carsten Clubabend 26.02.14 im neuen Clublokal \"Specht\" 0 Carsten 87 07.02.2014 10:50 Carsten 9. Wintertreffen 23.-26.01.2014 in Prag 0 Carsten 174 11.12.2013 08:24 Carsten Clubabend 27.12.13 auf dem Klütturm / Jahresabschlussfeier 0 Carsten 72 09.12.2013 16:06 Carsten 5. Rhein-Hunsrück-Classic 0 haupe 103 09.11.2013 00:37 haupe Clubabend 27.11.13 in der \"Ziegenbuche\" Bad Münder 0 Carsten 121 06.11.2013 08:34 Carsten Clubabend 30.10.13 im \"Schaumburger Ritter\" 0 Carsten 160 16.10.2013 15:20 Carsten Clubabend 25.09.13 im \"Specht\" mit Kurt Ahrens 0 Carsten 267 05.09.2013 12:12 Carsten Clubabend 28.08.13 in der \"Papp-Mühle\" Zersen 0 Carsten 238 13.08.2013 09:43 Carsten Clubabend 26.07.13 im \"Felsenkeller\" Coppenbrügge 0 Carsten 244 10.07.2013 07:36 Carsten 4. Rhein-Hunsrück-Classic 5 haupe 1398 28.06.2013 23:49 haupe Clubabend 26.06.13 in der \"Landluft\" Multhöpen 0 Carsten 184 17.06.2013 10:02 Carsten Clubabend 29.05.13 im Landhaus 'Zur schönen Aussicht' 0 Carsten 282 15.05.2013 21:29 Carsten Clubabend 24.04.13 im \"Forsthaus Finkenborn\" 0 Carsten 329 09.04.2013 10:16 Carsten Sommertreffen 3.-5.5.13 in Hameln + Nennungsliste 1 Carsten 782 26.03.2013 09:46 Carsten 2. Reise nach Sizilien 04.-12.10.2013 0 Carsten 332 12.03.2013 11:05 Carsten Clubabend 27.03.13 in der \"Weinschänke Rohdental\" 0 Carsten 339 11.03.2013 11:08 Carsten Clubabend 27.02.13 im \"Sonnenhof\" in Lügde 0 Carsten 280 12.02.2013 15:50 Carsten Weltgrößtes VW-Veteranentreffen 21.-23.06.2013 0 Carsten 350 18.01.2013 11:42 Carsten Clubabend 30.01.13 im \"Forellental\" in Hemeringen 0 Carsten 333 07.01.2013 09:50 Carsten Treser Club Kart Cup 4 Christian 893 02.01.2013 18:37 Peter Heinrichs Clubabend 28.12.12 auf dem Klütturm / Jahresabschlussfeier 0 Carsten 412 10.12.2012 09:39 Carsten Clubabend 28.11.12 im \"Felsenkeller\" Coppenbrügge 0 Carsten 475 12.11.2012 12:23 Carsten 8. Wintertreffen 25.-27.1.13 in Chemnitz 0 Carsten 553 01.11.2012 09:03 Carsten Herbstfahrt ins Elsass 3.-7.10.12 1 Carsten 1016 25.10.2012 21:14 Carsten Clubabend 31.10.12 im \"Schaumburger Ritter\" 0 Carsten 438 25.10.2012 08:35 Carsten Clubabend 26.9.12 im Forsthaus \"Finkenborn\" 0 Carsten 594 03.09.2012 15:21 Carsten Hoffest in Deitlevsen 25./26.08.2012 2 Carsten 758 28.08.2012 11:20 Carsten Clubabend 29.08.12 in der \"Ziegenbuche\" Bad Münder 0 Carsten 527 25.08.2012 08:40 Carsten Spätsommertreffen Stadecken-Elsheim – 08.-09. Sept. 2012 0 rose 592 24.08.2012 14:39 rose Dortmund Classic Days. Das Oldtimer u. Youngtimer 0 ledda 596 23.07.2012 23:54 ledda Kult der 70er Jahre trifft sich am 21.7.2012 in Lachem 4 Ovali411 2356 23.07.2012 12:50 Carsten Sonntagsfahrt zur Charity Challenge Lüneburg 19.8.12 0 Carsten 500 19.07.2012 19:03 Carsten Clubabend 27.7.12 im \"Waldhof Unsen\" => FREITAG 0 Carsten 564 10.07.2012 10:52 Carsten Clubabend 27.06.2012 in der \"Weinschänke Rohdental\" 1 Carsten 648 21.06.2012 12:29 Peter Heinrichs Kulturvergnügen: DIE PÄPSTIN - Das Musical in Hameln 0 Christian 663 22.05.2012 18:09 Christian Clubabend 30.05.2012 im \"Seehof\" Hameln 1 Carsten 726 11.05.2012 23:37 Tschappi Sonntagsausfahrt nach Kassel 17.06.2012 0 Carsten 447 11.05.2012 10:50 Carsten Kaleu's 9. Young- und Oldtimertreffen in 48703 Stadtlohn 1 sikumuseum 708 11.05.2012 00:02 Tschappi Ergebnisse Sommertreffen 0 Carsten 568 08.05.2012 07:19 Carsten Sommertreffen 4.-6.5.12 in Hameln 3 Carsten 1524 07.05.2012 15:41 Carsten 3. Rhein-Hunsrück-Classic 4 haupe 1215 17.04.2012 16:40 haupe Clubabend 25.04.2012 im Landgasthaus \"Specht\" 0 Carsten 546 13.04.2012 12:21 Carsten Siehe Beiträge der letzten:  Alle Themen anzeigen 1 Tag 7 Tage 2 Wochen 1 Monat 3 Monate 6 Monate 1 Jahr      Treser Club Forum Foren-Übersicht -> Veranstaltungen Alle Zeiten sind GMT + 1 Stunde Gehe zu Seite 1, 2, 3, 4, 5, 6   Weiter Seite 1 von 6 Gehe zu:  Forum auswählen   Treser Club Forum ---------------- Forumsregeln   Treser Club ---------------- Veranstaltungen Clubarbeit Die Marke Treser Meinungen, Verbesserungsvorschläge, ...   Treser Fahrzeuge ---------------- TreserAudi Treser VW Treser T1   Allgemeines Forum ---------------- Autovergnügen Mein Auto Off-Topic   Auto- und Teilemarkt ---------------- Biete Suche eBay OnlineShops Adressen rund ums Auto   Neue Beiträge    Keine neuen Beiträge    Ankündigung Neue Beiträge [ Top-Thema ]    Keine neuen Beiträge [ Top-Thema ]    Wichtig Neue Beiträge [ Gesperrt ]    Keine neuen Beiträge [ Gesperrt ] Du kannst keine Beiträge in dieses Forum schreiben. Du kannst auf Beiträge in diesem Forum nicht antworten. Du kannst deine Beiträge in diesem Forum nicht bearbeiten. Du kannst deine Beiträge in diesem Forum nicht löschen. Du kannst an Umfragen in diesem Forum nicht mitmachen. Powered by phpBB © 2001, 2005 phpBB Group Deutsche Übersetzung von phpBB.de ","title":"Treser Club Forum :: Forum anzeigen - Veranstaltungen","desc":null,"details":{"length":5906,"language":"de","date":"2014/10/31 16:18:38","type":"text/html","country":""},"crawling":{"duration":"1","date":"2014/10/31 16:18:38"},"metas":[],"uri":{"protocol":"http","domain":"de.treser-club.","url":"http://treser-club.de/forum/viewforum.php?f=1&sid=825b17e8ec40a06c36d67a4a886b9d9f"}}},{"_index":"de_content_201410","_type":"resourceQ","_id":"http://onlineshop-telefonanlagen.de/telefone/?ph_eg_reihe=83&ph_lm_rufnunterdr=51&ph_lm_text=69&price=4%2c100","_score":1.0, "_source" : {"body":" Dies ist ein Demoshop für nento - der Magento Best-Practice-Lösung von netshake. Gratis Versand Deutschlandweit 14 Tage Rückgaberecht Hotline: +49 (0) 711 6933030 Mein Benutzerkonto Warenkorb Sie haben keine Artikel im Warenkorb Telefone Aastra Tischtelefone (2-Ader) Tischtelefone (IP / SIP) schnurlose Telefone Sonstiges Siemens Tischtelefone (IP / SIP) schnurlose Telefone Sonstiges Telefonanlagen Aastra Aastra 400 Serie Module Aastra 415 / 430 Module Aastra 470 Lizenzen Aastra 400 Aastra OpenCom 100 Module Aastra OpenCom 130/131 Module Aastra OpenCom X320 Aastra Intelligate Serie Siemens OpenScape Office Module OpenScape Office MX Lizenzen OpenScape Office Komplettsysteme 1 bis 10 Benutzer 11 bis 25 Telefone ab 26 Endgeräte Zubehör Startseite » Telefone Telefone von verschiedenen Herstellern Aastra Panasonic Aastra 5380ip (Office 80IP) 312,00 € zzgl. MwSt. und Versand Aastra 5380ip (Office 80IP) 312,00 € zzgl. MwSt. und Versand Features: - 7 x 34 Zeichen grafisches Display - Hintergrundbeleuchtetes Display - Lauthören - Freisprechen - Konferenzgespräch - DHSG-Anschluss + Auf die Vergleichsliste zum Produkt In den Warenkorb Filtern nach Aktuell gesetzte Filter: Artikel entfernen Preis: 300,00 € - 400,00 € Artikel entfernen Reihenapparat Artikel entfernen Rufnummernunterdrückung Artikel entfernen Textmeldungen senden/empfangen Alles entfernen Kategorie Aastra (1) Einsatzgebiet Komfortgerät (1) Vermittlerapparat (1) Anzeigeelemente Hintergrundbeleuchtetes Display (1) Bedienungselemente Navigationstaste (1) Foxtaste (1) Alpha-Tastatur (1) Leistungsmerkmale Wahlvorbereitung (1) Namenwahl (1) Anklopfen (1) Makeln (1) Zugang zum zentralen Telefonbuch (1) Diskretruf (1) Lauthören (1) Freisprechen (1) Konferenzgespräch (1) Voice-Mail (1) Privatanruf mit PIN (1) Telefonsperre (1) Headsetmode (1) Wandmontage (1) Informationen Kontakt Lieferung Zahlungsarten Bestellvorgang Vorteile Schnelle Lieferzeiten Datenschutz Sicher bezahlen durch SSL-Verschlüsselung mit: Fragen? +49 (0) 711 6933030 rb@netshake.de Montag bis Freitag 9:00 - 17:00 Uhr Informiert bleiben Follow us on: Widerruf Datenschutz AGB Impressum Dieser Shop basiert auf nento - der Magento Best-Practice-Lösung von netshake. ","title":"Telefone","desc":"Meta Description","details":{"length":2212,"language":"de","date":"2014/10/31 16:18:36","type":"application/xhtml+xml","country":""},"crawling":{"duration":"1","date":"2014/10/31 16:18:36"},"metas":[{"name":"description","value":"Meta Description"},{"name":"keywords","value":"Keyword1, Keyword2, Keyword3"},{"name":"robots","value":"INDEX,FOLLOW"}],"uri":{"protocol":"http","domain":"de.onlineshop-telefonanlagen.","url":"http://onlineshop-telefonanlagen.de/telefone/?ph_eg_reihe=83&ph_lm_rufnunterdr=51&ph_lm_text=69&price=4%2c100"}}},{"_index":"de_content_201410","_type":"resourceQ","_id":"http://business-on.de/weser-ems/videoueberwachung-opposition-warnt-koalition-vor-schnellschuss-_id28279.html","_score":1.0, "_source" : {"body":" Business on de Region auswählen Deutschlandportal Aachen-Euregio Bergisches Land Berlin Düsseldorf Hamburg Köln-Bonn Mecklenb.-Vorpommern Mittelfranken Münster / Münsterland München Niedersachsen-Ost Nordbaden Ostwestfalen-Lippe Rhein-Main Ruhr SaarLorLux Sachsen Schleswig-Holstein Stuttgart Südbaden Südwestfalen Weser-Ems Aktuell News Termine IT & Telekommunikation Bilderstrecken Regionale Wirtschaft Unternehmen Messen & Events Engagement Initiativen Finanzen Finanz-News Aktien & Fonds Vorsorge Finanzierung Marketing Marketing News Lifestyle Kultur & Medien Wellness & Genuss Gesundheit Freizeit & Reisen Ehrenamt Recht & Steuern Law News Sie sind hier: Startseite › Weser-Ems › Aktuell › News » Videoüberwachung: Opposition warnt Koalition vor Schnellschuss Weitere Artikel 14.01.2013, 10:31 Uhr | Saarbrücken | 0 Kommentare Videoüberwachung Opposition warnt Koalition vor Schnellschuss 0 0 Zufallsartikel Die SPD hat die Koalition vor Schnellschüssen bei der geplanten Neuregelung der Videoüberwachung von Arbeitnehmern gewarnt. Bundestag: Streit um Videoü­ber­wachung \"Ich warne die Koalition davor, das Gesetz mit der Brechstange durchdrücken zu wollen und damit wie einst beim Melderecht in ein politisches Desaster hinein zu laufen\", sagte der innenpolitische Sprecher der SPD, Michael Hartmann, der \"Saarbrücker Zeitung\" (Montagsausgabe) Angesichts der zahlreichen Änderungsanträge von Union und FDP sei es unmöglich, das Gesetz wie offenbar geplant, schon Ende Januar im Bundestag zu verabschieden. Die SPD werde deshalb im Bundestagsinnenausschuss am kommenden Mittwoch die Absetzung einer Beschlussfassung beantragen, kündigte Hartmann an. Zu der Vorlage selbst äußerte er sich kritisch: \"In Wirklichkeit wird der Datenschutz für die Arbeitnehmer nicht ausgeweitet, sondern durch die Hintertür beschnitten\", meinte Hartmann. Beim Meldegesetz war im Vorjahr in letzter Minute ein Passus von Schwarz-Gelb eingefügt worden, der der privaten Wirtschaft einen weitreichenden Zugriff auf Daten von Bürgern ermöglicht hätte. Die Vorlage steckt immer noch im parlamentarischen Verfahren fest. (Redaktion) Empfehlen Sie diesen Artikel weiter! 0 0   Fotokennzeichnung: Bild Nr. 1 © pixelio.de / Stihl024   Koalition SPD Arbeitnehmer Schnellschuss Vorlage Videoüberwachung Bürger Wirtschaft Weitere Artikel von: Redaktion Grünen-Studie - Unternehmen kassieren bis zu neun Euro in Telefon-Warteschleifen Kölner Kliniken - Staatsanwaltschaft ermittelt wegen Verdacht auf unterlassene Hilfeleistung Länderfinanzausgleich - Reform der Finanzbeziehungen gerät ins Stocken Passende Artikel suchen Finden Sie weitere Artikel zum Thema \"Koalition\" - jetzt Suche starten: Kommentar abgeben Nick-Name: E-Mail-Adresse: Bei einer Antwort möchte ich per E-Mail benachrichtigt werden Betreff: Ihr Kommentar: Bitte übertragen Sie die dargestellte Zeichenfolge in das rechte Feld:       Nach oben Termine 17.08. „Käfer­vielfalt im Schloss­garten“ 24.08. Führung: natur.wert.schätzen. (11.15 Uhr) 07.09. Familien­führung/­Fi­nissage: „natur.wert.schätzen.“ 27.09. Führung: „Eigen und fremd in Glaubens­welten“ Mehr im Kalender business-on.de iPhone App Neueste Artikel 30.06. 15:46 Konsum Rückgänge im Einzelhandel trotz Kauflaune 30.06. 08:46 EEG Bundesregierung beschließt Erneuerbare-Energien-Gesetz gegen EU-Widerstand 27.06. 11:40 Aschwege + Tönjes Familienunternehmen schafft mit Ansiedlung Arbeitsplätze in Umlenken 23.06. 10:42 IT Web Entry - das Tor zum Kunden Fotoalbum AWT Oldenburg im Februar 2013 Alle Galerien anzeigen   Meistgelesene Artikel 1 Automobil Die Strategien der großen Autohäuser 2 Trainingsangebot Scheer Management Academy kooperiert mit Caurus GmbH 3 Management Werder Bremen stellt CSR-Ansatz vor 4 v. Aschwege & Tönjes Bergfest läutet letzten Bauabschnitt ein 5 Energie Die Wirtschaftlichkeit von Windparks 6 Energie Die Coveris GmbH wird zur AG 7 Logistik Moderne Logistik - zuverlässig, sicher und individuell   Die letzten Kommentare Onlinehandel versus Stationärhandel Guten Tag, ich kann nicht glauben, dass der Einzelhandel die hohen Steigerungen im Onlinehandel... Kommentar Diese Meldung ist zwar schon uralt aber immerhin kann man hier noch kommentieren, was bei aktuellen Meldungen wohl nicht mehr... Zuverdienst, Brutto oder netto? 400,-Euro Zuverdienst als Rentner unter 65 ist das brutto oder netto? Rauchertote Was weltweit an Zigaretten abgefackelt wird, und wie viele Rauchertote es gibt, ist heftig:... Giftstoffe Ich war mehr als 30 Jahre im Einzelhan­del/­Baumark­t/­Holz­ab­teilung u.a an der Plattensä­ge/­Zu­schnitt tätig. Uns wurde von Seiten... Aktuelle News mehr Entdecken Sie business-on.de: Aktuell News, Termine, IT & Telekommunikation, Bilderstrecken,   Regionale Wirtschaft Unternehmen, Messen & Events, Engagement, Initiativen,   Finanzen Finanz-News, Aktien & Fonds, Vorsorge, Finanzierung,   Marketing Marketing News,   Lifestyle Kultur & Medien, Wellness & Genuss, Gesundheit, Freizeit & Reisen, Ehrenamt,   Recht & Steuern Law News,         business-on.de - Das Wirtschaftsportal für Deutschland. News zu Wirtschaft, Marketing, Unternehmen, Finanzen, Steuern, Recht, Messen, Seminare, Interviews uvm. aus allen Regionen Deutschlands. Weitere Regionen » Aachen-Euregio » Bergisches Land » Berlin » Deutschland » Düsseldorf » GTE Deutschland » Hamburg » Köln-Bonn » Mecklenb.-Vorpommern » Mittelfranken » Münster / Münsterland » München » Niedersachsen-Ost » Nordbaden » Ostwestfalen-Lippe » Rhein-Main » Ruhr » SaarLorLux » Sachsen » Schleswig-Holstein » Stuttgart » Südbaden » Südwestfalen Copyright © 2014 Business-on.de Christian Weis GmbH.  Alle Rechte vorbehalten. » Über business-on.de » Impressum/Datenschutz » Kontakt » Werbung » Partner » Themenverzeichnis ","title":"Videoüberwachung: Opposition warnt Koalition vor Schnellschuss","desc":"Die SPD hat die Koalition vor Schnellschüssen bei der geplanten Neuregelung der Videoüberwachung von Arbeitnehmern gewarnt.","details":{"length":5721,"language":"de","date":"2014/10/31 16:18:36","type":"text/html","country":""},"crawling":{"duration":"1","date":"2014/10/31 16:18:36"},"metas":[{"name":"description","value":"Die SPD hat die Koalition vor Schnellschüssen bei der geplanten Neuregelung der Videoüberwachung von Arbeitnehmern gewarnt."},{"name":"keywords","value":"Koalition,SPD,Arbeitnehmer,Schnellschuss,Vorlage,Videoüberwachung,Bürger,Wirtschaft"},{"name":"robots","value":"noindex, follow, noarchive"},{"name":"author","value":"Redaktion"},{"name":"geo.region","value":"DE-NI"},{"name":"geo.placename","value":"Oldenburg"},{"name":"geo.position","value":"53.14;8.22"},{"name":"ICBM","value":"53.14,8.22"},{"name":"siteinfo","value":"robots.txt"},{"name":"og:image","value":"http://www.business-on.de/dateien/bilder/kamera_stihl_024.jpg"},{"name":"og:title","value":"Opposition warnt Koalition vor Schnellschuss"},{"name":"og:description","value":"Die SPD hat die Koalition vor Schnellschüssen bei der geplanten Neuregelung der Videoüberwachung von Arbeitnehmern gewarnt."},{"name":"og:url","value":"http://www.business-on.de/weser-ems/videoueberwachung-opposition-warnt-koalition-vor-schnellschuss-_id28279.html"}],"uri":{"protocol":"http","domain":"de.business-on.","url":"http://business-on.de/weser-ems/videoueberwachung-opposition-warnt-koalition-vor-schnellschuss-_id28279.html"}}},{"_index":"de_content_201410","_type":"resourceQ","_id":"http://zypern-forum.de/misc.php?do=whoposted&t=3408","_score":1.0, "_source" : {"body":" Beiträge insgesamt 5 Wer hat geschrieben? Beiträge 3 müge Beiträge 1 Doris D Beiträge 1 Kantara Thema anzeigen & Fenster schließen ","title":" Auswandern nach Nordzypern- Ansprechpartner gesucht :) - Wer hat geschrieben?","desc":"Treff und Forum für Zypern-Fans und Interessierte zum Erfahrungsaustausch über Urlaub, Reisen und Auswandern nach Zypern sowie Kultur und Geschichte.","details":{"length":132,"language":"de","date":"2014/10/31 16:18:37","type":"application/xhtml+xml","country":""},"crawling":{"duration":"1","date":"2014/10/31 16:18:37"},"metas":[{"name":"vb_meta_bburl","value":"http://www.zypern-forum.de"},{"name":"generator","value":"vBulletin 4"},{"name":"keywords","value":"Zypern, Urlaub, Reisen, Auswandern, Forum"},{"name":"description","value":"Treff und Forum für Zypern-Fans und Interessierte zum Erfahrungsaustausch über Urlaub, Reisen und Auswandern nach Zypern sowie Kultur und Geschichte."}],"uri":{"protocol":"http","domain":"de.zypern-forum.","url":"http://zypern-forum.de/misc.php?do=whoposted&t=3408"}}},{"_index":"de_content_201410","_type":"resourceQ","_id":"http://blogs.pwc.de/steuern-und-recht/tag/ausschliesliche-verwaltung-von-grundbesitz/","_score":1.0, "_source" : {"body":" Steuern & Recht Home Newsletter Veranstaltungen Dienstleistungen Keine Widgets verfügbar. Hier finden Sie Ihre Widgets Steuern & Recht Keine erweiterte Gewerbeertragskürzung bei Veräußerung des letzten Grundstücks 7. April 2011 , Manfred Haas Nach dem Verkauf des letzten Grundstücks durch eine Grundstücksverwaltungsgesellschaft mit abweichendem Wirtschaftsjahr kann die erweiterte Kürzung nach Paragraf 9 Nr. 1 Satz 2 Gewerbesteuergesetz nicht mehr in Anspruch genommen werden, insbesondere wenn der Verkauf vor dem 1. Januar erfolgt ist. Weiterlesen Veröffentlicht in BFH und FG Rechtsprechung | Schlagwörter: ausschließliche Verwaltung von Grundbesitz, Erweiterte Gewerbeertragskürzung, Grundbesitz, Grundstücksverwaltungsgesellschaft Ansprechpartner Gabriele Stein Tel.: +49 69 9585-5680 Fax: +49 69 9585-944904 Andrew Miles Tel.: +49 69 9585-6345 Fax: +49 69 9585-926641 Beatrice Pecho Tel.: +49 69 9585-6646 Fax: +49 69 9585-951766 Manfred Haas Tel.: +49 69 9585-5605 Fax: +49 69 9585-962309 Kategorien Aktuelle Gesetzgebung Allgemein BFH und FG Rechtsprechung EU-Kommission EuGH-Rechtsprechung Human Resource News Magazin: steuern+recht Neue Verwaltungsanweisungen Newsletter: legalnews Newsletter: steuern+recht aktuell Steuernachrichten zum Hören Umsatzsteuer-News Tax Links Aktuelle Tax Veranstaltungen Doing business and investing in Germany Tax & Legal Newsletter Standorte Kontakt   PwC International blogs PwC International websites © 2011-2012 PricewaterhouseCoopers. All rights reserved. \"PricewaterhouseCoopers\" and \"PwC\" refer to the network of member firms of PricewaterhouseCoopers International Limited (PwCIL), each of which is a separate and independent legal entity. Each member firm does not act as agent of PwCIL or any other member firm. Neither PwCIL nor any member firm is responsible or liable for the acts or omissions of any other member firm nor control the exercise of another member firm's professional judgment or bind another member firm or PwCIL in any way. Privacy Policy Legal Disclaimer Company information Terms of Service Linking Policy ","title":"Steuern & Recht - Steuern & Recht","desc":null,"details":{"length":2082,"language":"de","date":"2014/10/31 16:18:34","type":"text/html","country":""},"crawling":{"duration":"1","date":"2014/10/31 16:18:34"},"metas":[{"name":"og:locale","value":"de_DE"},{"name":"og:type","value":"object"},{"name":"og:title","value":"ausschließliche Verwaltung von Grundbesitz Archives - Steuern & Recht"},{"name":"og:url","value":"http://blogs.pwc.de/steuern-und-recht/tag/ausschliesliche-verwaltung-von-grundbesitz/"},{"name":"og:site_name","value":"Steuern & Recht"}],"uri":{"protocol":"http","domain":"de.pwc.blogs.","url":"http://blogs.pwc.de/steuern-und-recht/tag/ausschliesliche-verwaltung-von-grundbesitz/"}}},{"_index":"de_content_201410","_type":"resourceQ","_id":"http://manis-sammlerkiste.de/flohmarkt/main_bigware_34.php?bigpfad=22_25&bigwarecsid=461bcb16b75256fa635566fa7cdd94cf&items_id=305","_score":1.0, "_source" : {"body":"   Startseite Mani's Flohmarktstand Spiele 6077072       Ihr Konto  |  Warenkorb  |  Kasse Zum Warenkorb Ihr Warenkorb: 0 Produkte Home Neue Produkte AGB Versandkosten Impressum Kontakt  Kategorien    Kleinanzeigen  (2)   Mani's Flohmarktstand  (307)      Autoteile  (2)      Bücher (4)      CD's (31)      Elektronik (8)      Gameboy-Spiele (6)      Hörspielkassetten (31)      Hygiene (1)      Nintendo64-Spiele (5)      PS2-Spiele (1)      Schuhe  (1)      Ski-Ausrüstung (1)      Spiele (13)      Vorwerk (1)   Birnbeck's Flohmarktstand  (3)   Jürgen's Flohmarktstand (1)  Sonstiges  ZUM ERSTEN MAL HIER? IMPRESSUM  Produkte  Vanessa Mae - The Violin Player zzgl. Versand  Informationen  Liefer- und Versandkosten Privatsphäre und Datenschutz Unsere AGB Kontakt   Produkt Info Bussi Bär - Verkehrszeichen-Lotto [6077072] zzgl. Versand Erste wissenschaftlich empfohlene Spiel- und Vorschule.Wichtige Verkehrszeichen lernen.1 - 4 Spielerab 4 JahreGewinner dieses Legespiels ist, wer als Erster alle passenden Kärtchen auf seiner Tafel ablegen konnte.EAN: 4000826070726Inhalt/Ausstattung: 4 Bildtafeln mit je 6 Verkehrszeichen, 30 VerkehrszeichenkärtchenSpielartbezeichnung: Legespiel Dieses Produkt haben wir am Freitag, 10. Januar 2014 in unseren Katalog aufgenommen. Anzahl: 1  Login  E-Mail Adresse: Passwort: (neues Passwort) Neuer Kunde? => Registrieren!  Schnellsuche    Verwenden Sie Stichworte, um ein Produkt zu finden. erweiterte Suche  Währungen  US Dollar Euro  User Online  Zur Zeit ist  1 Gast  online.   Informationen Haben Sie noch Fragen? Supported by Zahlungsarten Schreiben Sie uns eine E-Mail: Allgemeine Geschäftsbedingungen kontakt@MeineDomain.de Nutzen Sie das Kontaktformular: zum Kontaktformular Rufen Sie uns an: 040 / 123 456 789 Liefer- und Versandkosten Impressum Preise inkl. gesetzl. MwSt., zzgl. der jeweiligen Versandkosten. Alle Markennamen, Warenzeichen und eingetragenen Warenzeichen sind Eigentum Ihrer rechtmässigen Eigentümer und dienen hier nur der Beschreibung Dieses Shopsystem wurde entwickelt von Bigware ","title":"Manis-Flohmarkt : Bussi Bär - Verkehrszeichen-Lotto ","desc":"Bussi Bär - Verkehrszeichen-Lotto : Erste wissenschaftlich empfohlene Spiel- und Vorschule.Wichtige Verkehrszeichen lernen.1 - 4 Spielerab 4 JahreGewinner dieses Legespiels ist, wer als Erster alle pa","details":{"length":2051,"language":"de","date":"2014/10/31 16:18:36","type":"text/html","country":""},"crawling":{"duration":"1","date":"2014/10/31 16:18:36"},"metas":[{"name":"description","value":"Bussi Bär - Verkehrszeichen-Lotto : Erste wissenschaftlich empfohlene Spiel- und Vorschule.Wichtige Verkehrszeichen lernen.1 - 4 Spielerab 4 JahreGewinner dieses Legespiels ist, wer als Erster alle pa"},{"name":"keywords","value":"Bussi, Bär, -, Verkehrszeichen-LottoErste, wissenschaftlich, empfohlene, Spiel-, und, VorschuleWichtige, Verkehrszeichen, lernen1, 4, Spielerab, JahreGewinner, dieses, Legespiels, ist, wer, als, Erster, alle, passenden, Kärtchen, auf, seiner, Tafel, ablegen, konnteEAN, 4000826070726InhaltAusstattung, Bildtafeln, mit, je, 6, 30, VerkehrszeichenkärtchenSpielartbezeichnung, Legespiel"}],"uri":{"protocol":"http","domain":"de.manis-sammlerkiste.","url":"http://manis-sammlerkiste.de/flohmarkt/main_bigware_34.php?bigpfad=22_25&bigwarecsid=461bcb16b75256fa635566fa7cdd94cf&items_id=305"}}},{"_index":"de_content_201410","_type":"resourceQ","_id":"https://regensburg.de/rathaus/stadtverwaltung-a-z/15447/meldebescheinigung.html","_score":1.0, "_source" : {"body":" Kontrast ändern Startseite Impressum Presseportal Datenschutz Sitemap Kontakt Elektronische Kommunikation Rathaus Leben in Regensburg Wirtschaft Kultur Tourismus Rathaus Aktuelles Ämterübersicht Dienstleistungen Ehrenbürger und Medaillen Partnerstädte Städtische Unternehmen Städtische Finanzen Stadtentwicklung in Regensburg Stadtpolitik Stadtrecht Stadtverwaltung A-Z Statistik Wahlen Leben in Regensburg Bildung & Wissenschaft Gesellschaft u. Soziales Gesundheit Medien Sport & Freizeit Umwelt Vereine und Verbände Verkehr & Mobilität Planen, Bauen & Wohnen Wirtschaft Newsletter Aktuelles Standort Regensburg Gewerbeflächen Service Projekte Kontakt Kultur Aktuelles Jahresthemen Kulturpreise Veranstaltungen des Kulturreferats Museen in Regensburg Links zu kulturellen Institutionen Kulturentwicklungsplan Kulturförderung Tourismus Aktuelles Ämterübersicht Dienstleistungen Ehrenbürger und Medaillen Partnerstädte Städtische Unternehmen Städtische Finanzen Stadtentwicklung in Regensburg Stadtpolitik Stadtrecht Stadtverwaltung A-Z Statistik Wahlen Startseite | Rathaus | Stadtverwaltung A-Z Stadtverwaltung A-Z A B C D E F G H I J K L M N O P Q R S T U V W Z Meldebescheinigung Zuständig Bürgerzentrum, Abteilung Bürgerbüros, Bürgerbüro Stadtmitte Beschreibung Bestätigung eines aktuellen oder früheren Wohnsitzes zur Vorlage bei Behörden oder anderen Institutionen für Personen, die in Regensburg gemeldet sind oder gemeldet waren Erforderliche Unterlagen Amtlicher Lichtbildausweis als Identitätsnachweis Wichtige Hinweise Im Unterschied zu einer Aufenthaltsbescheinigung enthält eine Meldebescheinigung nur Daten zur aktuellen oder ehemaligen Wohnsitzadresse. Eine Meldebescheinigung können Sie persönlich ohne weitere Begründung beantragen. Sie wird sofort erteilt. Für den Fall, dass Sie Ihre Meldebescheinigung nicht persönlich vor Ort beantragen möchten, so können Sie uns ein vollständig ausgefülltes Antragsformular zusenden. Bitte beachten Sie hierbei, dass melderechtliche Bestimmungen eine Originalunterschrift auf dem Antragsformular erfordern und eine Übermittlung daher derzeit nur postalisch möglich ist. Formular: Melde-/Aufenthaltsbescheinigung - Antrag Hinsichtlich der Gebühr bitten wir Sie, die entsprechenden Erläuterungen auf dem Formular zu beachten. Unter bestimmten Voraussetzungen, z.B. für Rentenzwecke kann Ihnen eine Meldebescheinigung auch gebührenfrei erteilt werden. Gebühren 5,00 € Formulare Melde-/Aufenthaltsbescheinigung - Antrag Rechtsgrundlage Gesetz über das Meldewesen Kontakt Bürgerbüro StadtmitteD.-Martin-Luther-Straße 3 93047 Regensburg Postfach: 11 06 43 93019 Regensburg Tel.: (0941) 507-3333 Fax.: (0941) 507-3889 buergerbuero@regensburg.de  Veranstaltungskalender Stadtplan Dienstleistungen Stadtverwaltung A-Z Diese Dienstleistung können sie auch hier erledigen Bürgerbüro Nord Bürgerbüro Burgweinting Kfz- Zulassungsstelle Service Bürgerbüros Recyclinghof Stadtratssitzungen Aktuelle Stellenangebote Statistiken Verkehr Aktuelle Baustellen Parken Öffentlicher Verkehr Unser Regensburg Senioren Familien Kinderbetreuung Jugend Sport und Freizeit Über uns Impressum Datenschutzerklärung Sitemap Kontakt International Social Media Facebook Twitter Google+ Youtube Pressemeldungen abonnieren ","title":"Stadt Regensburg - Rathaus - Stadtverwaltung A-Z","desc":"Hier finden Sie für viele Lebenslagen die zuständigen Stellen und die richtigen Ansprechpartner bei der Stadtverwaltung","details":{"length":3245,"language":"de","date":"2014/10/31 16:18:35","type":"text/html","country":""},"crawling":{"duration":"1","date":"2014/10/31 16:18:35"},"metas":[{"name":"viewport","value":"width=device-width, initial-scale=1.0"},{"name":"description","value":"Hier finden Sie für viele Lebenslagen die zuständigen Stellen und die richtigen Ansprechpartner bei der Stadtverwaltung"}],"uri":{"protocol":"https","domain":"de.regensburg.","url":"https://regensburg.de/rathaus/stadtverwaltung-a-z/15447/meldebescheinigung.html"}}},{"_index":"de_content_201410","_type":"resourceQ","_id":"http://forum.ig-wasi.de/ucp.php?mode=terms&sid=f664e5ed11e1c46f40973a38f8936d82","_score":1.0, "_source" : {"body":" IG Warndienst und Sirenen Das Forum zur IG-WaSi Anmelden    Registrieren FAQ     Suche Aktuelle Zeit: 06.07.2014, 08:12 Unbeantwortete Themen | Aktive Themen Foren-Übersicht Alle Zeiten sind UTC + 1 Stunde IG Warndienst und Sirenen - Nutzungsbedingungen Mit dem Zugriff auf „IG Warndienst und Sirenen“ wird zwischen dir und dem Betreiber ein Vertrag mit folgenden Regelungen geschlossen: 1. Nutzungsvertrag Mit dem Zugriff auf „IG Warndienst und Sirenen“ (im Folgenden „das Board“) schließt du einen Nutzungsvertrag mit dem Betreiber des Boards ab (im Folgenden „Betreiber“) und erklärst dich mit den nachfolgenden Regelungen einverstanden. Wenn du mit diesen Regelungen nicht einverstanden bist, so darfst du das Board nicht weiter nutzen. Für die Nutzung des Boards gelten jeweils die an dieser Stelle veröffentlichten Regelungen. Der Nutzungsvertrag wird auf unbestimmte Zeit geschlossen und kann von beiden Seiten ohne Einhaltung einer Frist jederzeit gekündigt werden. 2. Einräumung von Nutzungsrechten Mit dem Erstellen eines Beitrags erteilst du dem Betreiber ein einfaches, zeitlich und räumlich unbeschränktes und unentgeltliches Recht, deinen Beitrag im Rahmen des Boards zu nutzen. Das Nutzungsrecht nach Punkt 2, Unterpunkt a bleibt auch nach Kündigung des Nutzungsvertrages bestehen. 3. Pflichten des Nutzers Du erklärst mit der Erstellung eines Beitrags, dass er keine Inhalte enthält, die gegen geltendes Recht oder die guten Sitten verstoßen. Du erklärst insbesondere, dass du das Recht besitzt, die in deinen Beiträgen verwendeten Links und Bilder zu setzen bzw. zu verwenden. Der Betreiber des Boards übt das Hausrecht aus. Bei Verstößen gegen diese Nutzungsbedingungen oder anderer im Board veröffentlichten Regeln kann der Betreiber dich nach Abmahnung zeitweise oder dauerhaft von der Nutzung dieses Boards ausschließen und dir ein Hausverbot erteilen. Du nimmst zur Kenntnis, dass der Betreiber keine Verantwortung für die Inhalte von Beiträgen übernimmt, die er nicht selbst erstellt hat oder die er nicht zur Kenntnis genommen hat. Du gestattest dem Betreiber, dein Benutzerkonto, Beiträge und Funktionen jederzeit zu löschen oder zu sperren. Du gestattest dem Betreiber darüber hinaus, deine Beiträge abzuändern, sofern sie gegen o. g. Regeln verstoßen oder geeignet sind, dem Betreiber oder einem Dritten Schaden zuzufügen. 4. General Public License Du nimmst zur Kenntnis, dass es sich bei phpBB um eine unter der General Public License (GPL) bereitgestellten Foren-Software der phpBB Group (www.phpbb.com) handelt; deutschsprachige Informationen werden durch die deutschsprachige Community unter www.phpbb.de zur Verfügung gestellt. Beide haben keinen Einfluss auf die Art und Weise, wie die Software verwendet wird. Sie können insbesondere die Verwendung der Software für bestimmte Zwecke nicht untersagen oder auf Inhalte fremder Foren Einfluss nehmen. 5. Gewährleistung Der Betreiber haftet mit Ausnahme der Verletzung von Leben, Körper und Gesundheit und der Verletzung wesentlicher Vertragspflichten (Kardinalpflichten) nur für Schäden, die auf ein vorsätzliches oder grob fahrlässiges Verhalten zurückzuführen sind. Dies gilt auch für mittelbare Folgeschäden wie insbesondere entgangenen Gewinn. Die Haftung ist gegenüber Verbrauchern außer bei vorsätzlichem oder grob fahrlässigem Verhalten oder bei Schäden aus der Verletzung von Leben, Körper und Gesundheit und der Verletzung wesentlicher Vertragspflichten (Kardinalpflichten) auf die bei Vertragsschluss typischerweise vorhersehbaren Schäden und im übrigen der Höhe nach auf die vertragstypischen Durchschnittsschäden begrenzt. Dies gilt auch für mittelbare Folgeschäden wie insbesondere entgangenen Gewinn. Die Haftung ist gegenüber Unternehmern außer bei der Verletzung von Leben, Körper und Gesundheit oder vorsätzlichem oder grob fahrlässigem Verhalten des Betreibers auf die bei Vertragsschluss typischerweise vorhersehbaren Schäden und im Übrigen der Höhe nach auf die vertragstypischen Durchschnittsschäden begrenzt. Dies gilt auch für mittelbare Schäden, insbesondere entgangenen Gewinn. Die Haftungsbegrenzung der Absätze a bis c gilt sinngemäß auch zugunsten der Mitarbeiter und Erfüllungsgehilfen des Betreibers. Ansprüche für eine Haftung aus zwingendem nationalem Recht bleiben unberührt. 6. Änderungsvorbehalt Der Betreiber ist berechtigt, die Nutzungsbedingungen und die Datenschutzrichtlinie zu ändern. Die Änderung wird dem Nutzer per E-Mail mitgeteilt. Der Nutzer ist berechtigt, den Änderungen zu widersprechen. Im Falle des Widerspruchs erlischt das zwischen dem Betreiber und dem Nutzer bestehende Vertragsverhältnis mit sofortiger Wirkung. Die Änderungen gelten als anerkannt und verbindlich, wenn der Nutzer den Änderungen zugestimmt hat. Informationen über den Umgang mit deinen persönlichen Daten sind in der Datenschutzrichtlinie enthalten. Zurück zur Anmeldemaske Powered by phpBB® Forum Software © phpBB Group Deutsche Übersetzung durch phpBB.de ","title":"IG Warndienst und Sirenen • Persönlicher Bereich • Nutzungsbedingungen","desc":null,"details":{"length":4964,"language":"de","date":"2014/10/31 16:18:37","type":"application/xhtml+xml","country":""},"crawling":{"duration":"1","date":"2014/10/31 16:18:37"},"metas":[{"name":"resource-type","value":"document"},{"name":"distribution","value":"global"},{"name":"keywords","value":""},{"name":"description","value":""},{"name":"twitter:card","value":"app"},{"name":"twitter:app:id:iphone","value":"307880732"},{"name":"twitter:app:url:iphone","value":"tapatalk://forum.ig-wasi.de/?"},{"name":"twitter:app:id:ipad","value":"307880732"},{"name":"twitter:app:url:ipad","value":"tapatalk://forum.ig-wasi.de/?"},{"name":"twitter:app:id:googleplay","value":"com.quoord.tapatalkpro.activity"},{"name":"twitter:app:url:googleplay","value":"tapatalk://forum.ig-wasi.de/?"}],"uri":{"protocol":"http","domain":"de.ig-wasi.forum.","url":"http://forum.ig-wasi.de/ucp.php?mode=terms&sid=f664e5ed11e1c46f40973a38f8936d82"}}},{"_index":"de_content_201410","_type":"resourceQ","_id":"http://yopi.de/cat_bremsleitungen_und_bautenzuege","_score":1.0, "_source" : {"body":" Verdiene Geld mit Deinen Rezensionen! Anmeldung Login mein yopi.de Community Anmeldung Login Logout Suchen nach: Alle Kategorien Home Sport & Fitness Fahrradfahren / Radsport Fahrradbremsen Fahrrad-Bowdenzüge & Bremsleitungen Fahrrad-Bowdenzüge & Bremsleitungen Sie verbinden die verschiedenen Bremselemente miteinander und sie haben in der regel eine begenzte Lebensdauer. Bremsleitungen und Bowdenzüge können nach einiger Zeit und anspruchsvoller Belastung reißen, ausdehen, rosten oder unzuverlässig werden. Als Verbindungselement zwischen Fahrrad-Bremshebel und Fahrrad-Felgenbremsen oder Fahrrad-Scheibenbremsen muss darauf Verlass sein, dass sie bei besonders starken Bremsmanövern nicht kollabieren und das Bremsen unmöglich machen. Achten Sie deshalb beim Kauf von Bremsleitungen und Bowdenzügen auf möglichst passgenaue und für Ihr Fahrradmodell geeignete Produkte, damit eine höchstmögliche Sicherheit gewährleistet sein kann. weiterlesen schließen Fahrrad-Bowdenzüge & Bremsleitungen (4 Produkte) Sortierung nach: Beliebtheit, bestes oben Preis, billigstes oben Preis, teuerstes oben Alter, neuestes oben Bewertung mit Preisen, bestes oben Ansicht: Liste Liste Galerie Galerie Querzug für Canti-Bremse universal zum Produkt Universal-Querzug mit einer Länge von 380 mm für Cantilever-Bremsen. Jagwire Bremskabelbefestigung zum Aufkleben zum Produkt Bremsleitungsbefetigung aus Kunststoff zum Aufkleben auf Gabel/Rahmen mit Kabelbinder. SR Suntour Einstellschraube für Bremszug zum Produkt Einstellschraube für Bremszüge zum Fixieren der Bremsleitung. Procraft Kabelhalter für Cantileverbremsen zum Produkt Kabelhalter Cantileverbremsen passend für Gabeln mit 1 Zoll Schaftdurchmesser Sortierung nach: Beliebtheit, bestes oben Preis, billigstes oben Preis, teuerstes oben Alter, neuestes oben Bewertung mit Preisen, bestes oben Ansicht: Liste Liste Galerie Galerie Lesen Sie alle neuen Erfahrungsberichte in Fahrrad-Bowdenzüge & Bremsleitungen Die besten 50 Produkte in Fahrrad-Bowdenzüge & Bremsleitungen Auswahl verfeinern Hersteller (1) (1) (1) Preis Bitte geben Sie einen Mindestpreis und/oder einen Höchstpreis ein. € bis € Hilfe Häufige Fragen Erfahrungsberichte Vergütung Testberichte Archiv Service Händlerlogin Shop anmelden Partner Shops Rechtliches AGB Impressum Unternehmen Kontakt ","title":"Fahrrad-Bowdenzüge & Bremsleitungen Test & Preisvergleich bei yopi.de","desc":"4 Fahrrad-Bowdenzüge & Bremsleitungen im Test & Preisvergleich. Lesen Sie authentische Meinungen und Testberichte unserer Autoren, vergleichen Sie Produkte und Preise bei yopi.de","details":{"length":2305,"language":"de","date":"2014/10/31 16:18:37","type":"application/xhtml+xml","country":""},"crawling":{"duration":"1","date":"2014/10/31 16:18:37"},"metas":[{"name":"description","value":"4 Fahrrad-Bowdenzüge & Bremsleitungen im Test & Preisvergleich. Lesen Sie authentische Meinungen und Testberichte unserer Autoren, vergleichen Sie Produkte und Preise bei yopi.de"},{"name":"robots","value":"index, follow"},{"name":"fb:page_id","value":"88335663139"}],"uri":{"protocol":"http","domain":"de.yopi.","url":"http://yopi.de/cat_bremsleitungen_und_bautenzuege"}}},{"_index":"de_content_201410","_type":"resourceQ","_id":"http://finrisk.de/index.php?si=53ab072e1bb85&view","_score":1.0, "_source" : {"body":"   AKTUELL Typische Beratungsprojekte Öffentliche Seminare mit FinRisk Innovation in der finanziellen Führung von Versicherungsgruppen, kirchlichen Anlegern und ähnlichen Kapitalsammelstellen. Integration der Prozesse ... ...rund um Risikomanagement und Wertschöpfung. ...über alle Ressort- und Fachverantwortlichkeiten hinweg. Fachliches Training und Coaching für das Management. ","title":"FinRisk Management GmbH","desc":"Homepage von FinRisk - Financial Risk Consulting und Training für Versicherungen und andere Kapitalsammelstellen: Beratung, Implementierung, Training","details":{"length":381,"language":"de","date":"2014/10/31 16:18:38","type":"text/html","country":""},"crawling":{"duration":"1","date":"2014/10/31 16:18:38"},"metas":[{"name":"keywords","value":"FinRisk, Financial Risk Management, Financial, Risk, Management, Frank Corell,Frank, Corell, Frank-Christian, Frank-Christian Corell, Günter, Guenter, Versicherung, Wertschoepfung, Versicherung, Wertorientierung, Frankfurt, Workshops, Schulungen, Günter Wanner, Guenter Wanner, fachliches Training, Training, Coaching, Risikomanagement, Wertschöpfung, Unternehmensberatung, Investment Consulting, Financial Risk Consulting, wertorientiertes Risikomanagement, ALM Consulting, Asset Liability Management, Semonate, Schulung, Asset Allocation, Solvency, Solvency II, Versicherungen, Versicherer, Moderation, Workshop, Investment Management, Kapitalanlage, Prozessmanagement, Wertorientierte Steuerung, Kapitalanlagemanagement, Fachtraining, Solvenzsicherung, Kapitalallokation"},{"name":"description","value":"Homepage von FinRisk - Financial Risk Consulting und Training für Versicherungen und andere Kapitalsammelstellen: Beratung, Implementierung, Training"},{"name":"rating","value":"General"},{"name":"revisit-after","value":"14 days"},{"name":"objecttype","value":"Homepage"},{"name":"author","value":"mainis IT-Service GmbH"}],"uri":{"protocol":"http","domain":"de.finrisk.","url":"http://finrisk.de/index.php?si=53ab072e1bb85&view"}}},{"_index":"de_content_201410","_type":"resourceQ","_id":"http://rechberghausen.kdrs.de/servlet/pb/menu/1343233_l1/index.html","_score":1.0, "_source" : {"body":" Gehe zum Navigationsbereich Gehe zum Inhalt Startseite Übersicht Suche Impressum Hilfe Unsere Gemeinde Verwaltung Service Veranstaltungen Kultur Gewerbe Tourismus Freizeit Soziales Intern Aktuelles Bürgerservice & Verwaltung Gemeinderat Amtliche Bekanntmachungen Hochzeitsgemeinde Steuern und Gebühren Ortsrecht Bauplätze Bodenrichtwerte Wohnungsbörse Verkehr und Parken GVV östlicher Schurwald - Flächennutzungsplan Kommunal- und Europawahl 2014 Bürgerauto Sie befinden sich hier: Startseite / Verwaltung Service / Aktuelles Übersichtsseite 16.12.2008 Öffnungszeiten des Wertstoffhofes über Weihnachten und den Jahreswechsel (gr) An Heiligabend (Mittwoch, den 24.12.2008) und Silvester (Mittwoch, den 31.12.2008) bleibt der Wertstoffhof der Gemeinde Rechberghausen geschlossen. Am Samstag, den 27.12.2008 ist der Wertstoffhof zu den üblichen Öffnungszeiten zwischen 9:00 Uhr und 13:00 Uhr geöffnet. Auch im neuen Jahr am Samstag, den 03.01.2009 und am Mittwoch, den 07.01.2009 (16:00 Uhr bis 18:00 Uhr) ist der Wertstoffhof zu den üblichen Öffnungszeiten geöffnet. Weiter ergeht der Hinweis, dass das Wertstoffzentrum beim Müllheizkraftwerk in Göppingen über Weihnachten und den Jahreswechsel zu folgenden Zeiten geöffnet hat: Samstag, den 27.12.2008, 8:00 bis 13:00 Uhr Montag, den 29.12.2008, 9:00 bis 17:00 Uhr Dienstag, den 30.12.2008, 9:00 bis 17:00 Uhr Montag, den 05.01.2009, 9:00 bis 17:00 Uhr Das Wertstoffzentrum beim Müllheizkraftwerk kann von Bürgern aller Gemeinden des Landkreises Göppingen genutzt werden. Keine Abgabe von Styropor ab 2009 Vom Abfallwirtschaftsbetrieb ist die Mitteilung ergangen, dass ab Januar 2009 auf den Wertstoffhöfen kein Styropor mehr gesammelt wird. Das Styropor ist ab Januar 2009 ausschließlich über den gelben Sack zu entsorgen. Um Beachtung wird gebeten. Übersichtsseite Seite drucken Seite verschicken zurück nach oben ","title":"Gemeinde Rechberghausen: Öffnungszeiten des Wertstoffhofes über Weihnachten und den Jahreswechsel","desc":"(gr) An Heiligabend (Mittwoch, den 24.12.2008) und Silvester (Mittwoch, den 31.12.2008) bleibt der Wertstoffhof der Gemeinde Rechberghausen geschlossen.  Am Samstag, den 27.12.2008 ist der Wertstoffhof zu den üblichen Öffnungszeiten zwischen 9:00 Uhr und 13:00 Uhr geöffnet.   Auch im neuen Jahr am Samstag, den 03.01.2009 und am Mittwoch, den 07.01.2009 (16:00 Uhr bis 18:00 Uhr) ist der Wertstoffhof zu den üblichen Öffnungszeiten geöffnet.   Weiter ergeht der Hinweis, dass das Wertstoffzentrum beim Müllheizkraftwerk in Göppingen über Weihnachten und den Jahreswechsel zu folgenden Zeiten geöffnet hat:  Samstag, den 27.12.2008, 8:00 bis 13:00 Uhr Montag, den 29.12.2008, 9:00 bis 17:00 Uhr Dienstag, den 30.12.2008, 9:00 bis 17:00 Uhr Montag, den 05.01.2009, 9:00 bis 17:00 Uhr","details":{"length":1867,"language":"de","date":"2014/10/31 16:18:33","type":"text/html","country":""},"crawling":{"duration":"1","date":"2014/10/31 16:18:33"},"metas":[{"name":"author","value":"Gemeinde Rechberghausen"},{"name":"copyright","value":"Gemeinde Rechberghausen"},{"name":"description","value":"(gr) An Heiligabend (Mittwoch, den 24.12.2008) und Silvester (Mittwoch, den 31.12.2008) bleibt der Wertstoffhof der Gemeinde Rechberghausen geschlossen.  Am Samstag, den 27.12.2008 ist der Wertstoffhof zu den üblichen Öffnungszeiten zwischen 9:00 Uhr und 13:00 Uhr geöffnet.   Auch im neuen Jahr am Samstag, den 03.01.2009 und am Mittwoch, den 07.01.2009 (16:00 Uhr bis 18:00 Uhr) ist der Wertstoffhof zu den üblichen Öffnungszeiten geöffnet.   Weiter ergeht der Hinweis, dass das Wertstoffzentrum beim Müllheizkraftwerk in Göppingen über Weihnachten und den Jahreswechsel zu folgenden Zeiten geöffnet hat:  Samstag, den 27.12.2008, 8:00 bis 13:00 Uhr Montag, den 29.12.2008, 9:00 bis 17:00 Uhr Dienstag, den 30.12.2008, 9:00 bis 17:00 Uhr Montag, den 05.01.2009, 9:00 bis 17:00 Uhr  "},{"name":"robots","value":"index, follow"},{"name":"generator","value":"dvv-Mastertemplates 3.3.03.01"}],"uri":{"protocol":"http","domain":"de.kdrs.rechberghausen.","url":"http://rechberghausen.kdrs.de/servlet/pb/menu/1343233_l1/index.html"}}},{"_index":"de_content_201410","_type":"resourceQ","_id":"http://heimwerkerrunde.de/forum-maschinen-elektrowerkzeuge?page=952","_score":1.0, "_source" : {"body":" Suche Mitglieder Kalender Hilfe Es ist: 06.07.2014, 01:51 PM Hallo, Gast! ( Anmelden — Registrieren) Forums / Maschinen & Werkzeuge / Maschinen & Elektrowerkzeuge Benutzer, die gerade dieses Forum ansehen: 23 Gast/Gäste Seiten (2238): « Zurück 1 ... 950 951 952 953 954 ... 2238 Weiter » Dieses Forum als gelesen markieren | Dieses Forum abonnieren Maschinen & Elektrowerkzeuge Thema / Verfasser Antworten Ansichten Bewertung Letzter Beitrag [ auf]   Isomemantine Ohne Rezept Medicine Alzheimers Disease Injection Gram Memantine Buy, G itfoquhse 0 15 0 Bewertung(en) - 0 von 5 durchschnittlich 03.06.2014 08:23 AM Letzter Beitrag: itfoquhse   Naltrexone Treat Analgesic Can I Get Overseas. Fedex Naltrexone Overseas Online etixexad 0 36 0 Bewertung(en) - 0 von 5 durchschnittlich 03.06.2014 08:23 AM Letzter Beitrag: etixexad   Where Can I Buy Ampilar, Buy Pentrexyl Tablet Without Prescription pdacuhcot 0 13 0 Bewertung(en) - 0 von 5 durchschnittlich 03.06.2014 08:22 AM Letzter Beitrag: pdacuhcot   Purchase Online Vancomycin Peroxide In Spain. Generic Vancomycin In Australia Visa I tovodazto 0 30 0 Bewertung(en) - 0 von 5 durchschnittlich 03.06.2014 08:22 AM Letzter Beitrag: tovodazto   Cognitive Behavioral Therapy For Impotence Adult; Vimax Is More Effective Than Vigrx ssozidace 0 19 0 Bewertung(en) - 0 von 5 durchschnittlich 03.06.2014 08:21 AM Letzter Beitrag: ssozidace   Vardenafil + Dapoxetine Consegna A Domicilio Generico phabeparsmaby 0 15 0 Bewertung(en) - 0 von 5 durchschnittlich 03.06.2014 08:20 AM Letzter Beitrag: phabeparsmaby   Best Buy Abilify En Ligne A Evreux phabeparsmaby 0 20 0 Bewertung(en) - 0 von 5 durchschnittlich 03.06.2014 08:15 AM Letzter Beitrag: phabeparsmaby   Efectos Secundarios Finasteride En Valencia phabeparsmaby 0 17 0 Bewertung(en) - 0 von 5 durchschnittlich 03.06.2014 08:13 AM Letzter Beitrag: phabeparsmaby   online order atomoxetine price dubai - brand strattera no prescription generic phabeparsmaby 0 3 0 Bewertung(en) - 0 von 5 durchschnittlich 03.06.2014 08:07 AM Letzter Beitrag: phabeparsmaby   Farmacia A Roma Caverta phabeparsmaby 0 24 0 Bewertung(en) - 0 von 5 durchschnittlich 03.06.2014 08:05 AM Letzter Beitrag: phabeparsmaby   Order Timolol No Credit Card phabeparsmaby 0 3 0 Bewertung(en) - 0 von 5 durchschnittlich 03.06.2014 07:57 AM Letzter Beitrag: phabeparsmaby   cheap sildenafil citrate price from cvs - online sildenafil citrate medication alcohol phabeparsmaby 0 36 0 Bewertung(en) - 0 von 5 durchschnittlich 03.06.2014 07:54 AM Letzter Beitrag: phabeparsmaby   Comment Faire Pour Commander Champix Livraison Gratuite Remise phabeparsmaby 0 23 0 Bewertung(en) - 0 von 5 durchschnittlich 03.06.2014 07:52 AM Letzter Beitrag: phabeparsmaby   Vender Rebaja Ofloxacin En Las Vegas phabeparsmaby 0 10 0 Bewertung(en) - 0 von 5 durchschnittlich 03.06.2014 07:50 AM Letzter Beitrag: phabeparsmaby   Tenormin Roma Per phabeparsmaby 0 22 0 Bewertung(en) - 0 von 5 durchschnittlich 03.06.2014 07:44 AM Letzter Beitrag: phabeparsmaby   Comprimido Levitra V phabeparsmaby 0 24 0 Bewertung(en) - 0 von 5 durchschnittlich 03.06.2014 07:42 AM Letzter Beitrag: phabeparsmaby   Find On Line Alternative Esperal Purchase Secure Visa. Esperal Olsztyn Wszywki itfoquhse 0 18 0 Bewertung(en) - 0 von 5 durchschnittlich 03.06.2014 07:38 AM Letzter Beitrag: itfoquhse   Buy Cheap Protonix In England - Online Protonix 80mg Pharmacy Best etixexad 0 37 0 Bewertung(en) - 0 von 5 durchschnittlich 03.06.2014 07:37 AM Letzter Beitrag: etixexad   Donde Comprar Bactiver - Biseptol Cystitis pdacuhcot 0 15 0 Bewertung(en) - 0 von 5 durchschnittlich 03.06.2014 07:37 AM Letzter Beitrag: pdacuhcot   Order Now Scabisan. Scabisan Cure Scabies tovodazto 0 15 0 Bewertung(en) - 0 von 5 durchschnittlich 03.06.2014 07:37 AM Letzter Beitrag: tovodazto Sortieren nach: Betreff Sortieren nach: Letzter Beitrag Sortieren nach: Verfasser Sortieren nach: Erstellungszeit Sortieren nach: Bewertung Sortieren nach: Antworten Sortieren nach: Ansichten Anordnung: Aufsteigend Anordnung: Absteigend Von: Heute Von: Letzte 5 Tage Von: Letzte 10 Tage Von: Letzte 20 Tage Von: Letzte 50 Tage Von: Letzte 75 Tage Von: Letzte 100 Tage Von: Letztes Jahr Von: Beginn Seiten (2238): « Zurück 1 ... 950 951 952 953 954 ... 2238 Weiter » Neue Beiträge Heißes Thema mit neuen Beiträgen Heißes Thema ohne neue Beiträge Keine neuen Beiträge Beinhaltet Beiträge von Ihnen Geschlossenes Thema Dieses Forum durchsuchen: Gehe zu: Bitte wählen Sie: -------------------- Private Nachrichten Benutzer Control-Panel Wer ist online? Suche Forenstartseite Maschinen & Werkzeuge -- Maschinen & Elektrowerkzeuge -- Werkzeuge Allgemeine Heimwerkerthemen -- Holz und Möbelbau -- Metallbau -- Chemie im Haushalt -- Sonstiges Rohbau & Dämmung -- Beton -- Mauern und Verputzen -- Isolieren und Dämmen -- Trockenausbau-Systeme -- Dachbau Innenausbau -- Fenster & Türen -- Badausbau -- Boden und Fliesen -- Tapezieren und streichen -- Elektro-Installation -- Heizung- & Sanitäranlagen Heimwerkerrunde Community -- News & Ankündigungen -- FAQ - Häufig gestellte Fragen -- Support -- Smalltalk & Off Topic    Deutsch informell (\"Du\")    Deutsch formell (\"Sie\")    English (American) Kontakt | Heimwerkerrunde | Nach oben | Zum Inhalt | Archiv-Modus | RSS-Synchronisation | Urheberrecht ","title":"Forums - Maschinen & Elektrowerkzeuge ","desc":"Bohrmaschine, Stichsäge, Kreissäge, Schleifmaschinen: Winkelschleifer, Bandschleifer, Schwingschleifer. Elektrohobel, Fräse und andere.","details":{"length":5286,"language":"de","date":"2014/10/31 16:18:36","type":"application/xhtml+xml","country":""},"crawling":{"duration":"1","date":"2014/10/31 16:18:36"},"metas":[{"name":"description","value":"Bohrmaschine, Stichsäge, Kreissäge, Schleifmaschinen: Winkelschleifer, Bandschleifer, Schwingschleifer. Elektrohobel, Fräse und andere."}],"uri":{"protocol":"http","domain":"de.heimwerkerrunde.","url":"http://heimwerkerrunde.de/forum-maschinen-elektrowerkzeuge?page=952"}}},{"_index":"de_content_201410","_type":"resourceQ","_id":"http://stoff4you.de/stoffe/microfaser/microfaser-stoff-peachskin-bordeaux.html","_score":1.0, "_source" : {"body":" Warenkorb Artikel: 0 Anzahl: 0 Warenwert: 0,00 € Stoffe Shop (Home) |  Kontakt |  FAQ |  AGB |  Impressum |  Merkzettel Stoffe Stoffe Muster zum Kaufen Afrika Stoffe Baumwoll Stoffe Badeanzugstoffe / Lycra Blackout / Verdunkelung Camouflage Canvas Chiffon China Seidenimitat Cord Cordura Dekorationsfolie Dekorationsstoff Echtleder Fell Stoffe Filz Fleece Frottee Futterstoffe/Taft Fußball-Stoffe Hussen Stoff Jute Karo / Schottenkaro Kinderstoffe Kunstleder Lackstoffe / Folien Leinen Linon Markisenstoffe Microfaser Molton Möbelstoffe Nicki Organza Pailletten Stoffe Pannesamt Patchwork und Bastelstoffe Samt Satin Schaumstoff Schwer entflammbar B1 Seide Spitze Taft deluxe Taschenstoffe Tischdecken Stoffe Tüll Universal Stoff Vichy Karo Vlies Deko Vlies Einbügel-/Nähvlies Watte/-Vlies Leder Leder Echtleder Pflegemittel Kunstleder Deko-Stoffe Deko-Stoffe % Sale - Dekostoffe Patchwork und Quilt Top-Seller Deko-Banner Digital-Drucke Dekostoffe NEU Dekostoffe Uni Dekostoffe 280 cm breit Dekostoffe Auto/Bus/Bike Dekostoffe Blockstreifen Dekostoffe Blumen Dekostoffe City Dekostoffe Comic Dekostoffe Damast Dekostoffe Gemustert Dekostoffe Gemüse Dekostoffe Gobelin Dekostoffe Herzen Dekostoffe Holz Dekostoffe Jacquard Dekostoffe Kaffee/Küche Dekostoffe Karos Dekostoffe Kinder Dekostoffe Landhaus Dekostoffe Maritim Dekostoffe Natur Dekostoffe Nostalgie Dekostoffe Obst/Früchte Dekostoffe Ornamente Dekostoffe Outdoor Dekostoffe Patchwork Dekostoffe Pflanzen Dekostoffe Punkte Dekostoffe Retro Dekostoffe Rosen Dekostoffe Safari Dekostoffe satiniert Dekostoffe Stars / Models Dekostoffe Steine/Mauer Dekostoffe Sterne Dekostoffe Streifen Dekostoffe Tiere Dekostoffe Toile de jouy Dekostoffe Weihnachten Dekostoffe Wichtel/Zwerge Dekostoffe sonstige Bekleidungsstoffe Bekleidungsstoffe Barock Baumwollstoffe bedr. Bekl. Stoffe Berufsbekleidung Blusenstoffe Camouflage Stoffe Chiffonstoffe Cordstoffe Cordura Elastikstoffe Fellstoffe Festliche Stoffe Flanell Fleecestoffe Frotteestoffe Futterstoffe Glanzstoffe Jackenstoffe Jacquardstoffe Jeansstoffe Jersey Stoffe Jogging Anzüge Karostoffe Kinderstoffe Kleiderstoffe Kunstleder Lackstoffe Leinenstoffe Lodenstoffe Microfaserstoffe Nicki Pailletten Stoffe Paisley Samtstoffe Satinstoffe Seidenstoffe Softshell Spitze Stepper Strickstoffe Taftstoffe Trachtenstoffe Tüllstoffe Uni Bekleidungsstoffe Vichy Karo Wickeltücher Wollstoffe / Wollfilz Sonstige Segeltuch / Markisen Segeltuch / Markisen Segeltuch Klassik Segeltuch Hightech Segeltuch Polyester Segeltücher fertig genäht Tipi Zeltstoff Klassik Zeltstoff Hightech Boots- Persenningstoff Planenstoff Planen fertig Poolabdeckung Fensterfolie Wind- und Sichtschutz Sonnensegel Beschattungsstoff Markisenstoffe Outdoor Möbelstoff Outdoor Dekostoffe Liegestuhlstoffe Schwer entflammbar B1 Reste Zubehör Fotohintergrund Fotohintergrund Standard Bicolor Schwer entflammbar B1 Foto Molton Beamer Leinwand Zubehör Fertig genäht Fertige Stücke Gardinen- Vorhangstoffe Gardinen- Vorhangstoffe Fertiggardinen Meterware Gardinenstoffe Zubehör Schwer entflammbar B1 Schwer entflammbar B1 Stoffe - B1 Segeltuch - B1 Beamer-Leinwand B1 Technische Gewebe Technische Gewebe Abdeckungen Holz, Möbel, usw. Akustikgewebe Auto Tuning Beamer / Projektion Event / Bühne Folien Gartenbau Insektenschutz Isolierung / Wärmeschutz Kunstleder für den Hygienebereich Medizinischer Bereich Outdoor Bezugsstoffe Outdoor Dekostoffe Permanent schwer Entflammbar Planen schwere Qualität Schaumstoff Sprinklergewebe Verdunkelung Wind- und Sichtschutz Basteln Basteln Bast Bastelpakete Stoff Bastelscheren Baumwoll Artikel Beutel Bücher Federn Filzen Füllmaterial Kleber Knöpfe Mobidai® KUMIHIMO Motivlocher Pailletten Puppen basteln Schablonen/Stencils Seidenmalerei Strass Strickliesl Swarovski Perlen Teddys/Stofftiere basteln Textilfarbe Weben Werkzeuge Wolle Wolle Babywolle Beilaufgarn Häkelgarn Mützenwolle Riesenknäuel Sockenwolle Sock-Stop Schnellstrickwolle Standardwolle Topflappenwolle Wolle zum Filzen Knit - Wit Bücher Zubehör Fix und Fertig Artikel Fix und Fertig Artikel Deko-Banner Fertig genähte Segeltücher Floristenbedarf Gardinen Kissenhüllen / Füllungen Servietten Stoffsäckchen Stuhlhussen Tischdecken Tischläufer Bänder + Deko-Artikel Bänder + Deko-Artikel Deko-Artikel Deko-Bänder Zubehör Zubehör Applikationen Befestigungen/Installationen Bücher und Hefte Druckknöpfe Einfassband Gardinenzubehör Gummiband Gürtelschließen Imprägnier-/Pflegemittel Kilt- und Ziernadeln Klett/Flauschband Knöpfe Nähfrei Nähgarn Ösen Reißverschlüsse Schaumstoff Scheren Schnittmuster Seilspann Sock-Stop Verschlüsse Verstärkungsband Vlies Einbügel-/Nähvlies Wattevlies / Füllungen weiteres Nähzubehör % Sale % Sale Auslaufende Dekostoffe % Lagerräumung Restposten aller Art Sonderposten A-Qualität Sonderposten B und C-Qualitäten Sonderposten Dekotaft Sonderposten Kunstleder Sonderposten Möbelstoffe Sonderposten Segeltuch Kilo-Verkauf Karten Bastelpakete Stoffe & Zubehör Stoffe Muster zum Kaufen Afrika Stoffe Baumwoll Stoffe Badeanzugstoffe / Lycra Blackout / Verdunkelung Camouflage Canvas Chiffon China Seidenimitat Cord Cordura Dekorationsfolie Dekorationsstoff Echtleder Fell Stoffe Filz Fleece Frottee Futterstoffe/Taft Fußball-Stoffe Hussen Stoff Jute Karo / Schottenkaro Kinderstoffe Kunstleder Lackstoffe / Folien Leinen Linon Markisenstoffe Microfaser Molton Möbelstoffe Nicki Organza Pailletten Stoffe Pannesamt Patchwork und Bastelstoffe Samt Satin Schaumstoff Schwer entflammbar B1 Seide Spitze Taft deluxe Taschenstoffe Tischdecken Stoffe Tüll Universal Stoff Vichy Karo Vlies Deko Vlies Einbügel-/Nähvlies Watte/-Vlies Leder Deko-Stoffe Bekleidungsstoffe Segeltuch / Markisen Fotohintergrund Gardinen- Vorhangstoffe Schwer entflammbar B1 Technische Gewebe Basteln Wolle Fix und Fertig Artikel Bänder + Deko-Artikel Zubehör % Sale   Themen   Partner und Siegel Protected Shops macht Sicherheit zum Standard   stoff4you ist ein von Trusted Shops geprüfter Onlinehändler mit Gütesiegel und Käuferschutz. Mehr...     Stoff Muster Service Sie sind sich unsicher bzgl. Farbe und Material? Nutzen Sie unseren kostenlosen Musterversand und lassen Sie sich bis zu 5 Muster pro Monat kostenfrei zusenden. mehr Sie sind hier: / Home / Stoffe / Microfaser   Suche     Mein Konto E-Mail: Passwort: Eingeloggt bleiben Konto eröffnen Passwort vergessen   Hotline Montag bis Freitag 10.00 - 12.00 Uhr 15.00 - 17.00 Uhr Tel.: +49 771 150 787 37   Partnershops Basteln und Hobbies Fast 20.000 Artikel aus dem Bereich Basteln, Hobbies und Dekoration. www.kreatives4you.de Kostüme und Dekoration Der Spezialist rund ums Thema Kostüme und textile Veranstaltungsdekorationen www.onlinestoffe.de   Zahlarten Vorkasse Bezahlen Sie per Banküberweisung im Anschluss an Ihren Einkauf. Sofortüberweisung Ganz einfach mit dem gewohnten Online Banking bezahlen. Kreditkarte Zahlen Sie mit Ihrem guten Namen Kauf auf Rechnung Bezahlen Sie bequem per Rechnung mit einem Zahlungsziel von 20 Tagen. Nachnahme Bezahlen Sie Ihre Bestellung direkt beim DHL - Paketfahrer.   Kunden, die sich diesen Artikel gekauft haben, haben sich auch folgende Produkte gekauft: Wellness Fleece Weiß Art.Nr.: FL5002001 mehr Info 8,49 € * Produkt 1 / 11 Zurück zur Übersicht Microfaserstoff Peach » ArtNr:MS5015263 Microfaser-Stoff Peachskin - 280 cm breit Bordeaux Lieferzeit 2-14 Tage ? [+] zoom Professioneller Nähservice für Sie Unser Profi-Service näht für Sie auf Maß tolle Stücke für Ihr persönliches Wohnparadies. Aussuchen, Paket öffnen und genießen. Das ist unser Nähservice. Gardine/Vorhang entwerfen Kissen nähen lassen Für Merkzettel bitte einloggen.   46,65 € inkl. MwSt. zzgl. Versandkosten (46,65 €/Meter) Mengenstaffelpreise: ab 5 Meter - 45,75 € ab 10 Meter - 43,19 € ab 50 Meter - 41,59 € Meter Andere Farbe wählen:          Zum Hauptartikel Microfaser-Stoff Peachskin - 280 cm breit Bordeaux Ein leichter Bezugsstoff in Veloursoptik, bei dem beide Seiten identisch sind. Dieser Veloursstoff ist samtig weich, wie Pfirsichhaut und hat einen schmeichelnden Warengriff. Der Stoff eignet sich für leichte Polsterarbeiten wie z.B. Stuhlpolster, Hocker, Kissen und vieles andere mehr. Toll wirkt er auch als blickdichte Übergardine. Z.B. als bodenlange Dekoschals verleihen sie jedem Raum eine besondere Atmosphäre. Mit 20.000 Scheuertouren nach Martindale genügt die Ware bezüglich des Abriebs und der Abnutzung den Anforderungen für die Nutzung im privaten Bereich. Sie kann gewaschen oder chemisch gereinigt werden. Dieses Material eignet sich ideal als Möbelbezugsstoff und auch als Gardinenstoff. Bitte beachten Sie, dass dieser Stoff eine Überbreite von 280 cm aufweist. Das Preis-Leistungsverhältnis für diesen hochwertigen Polsterstoff ist unter Berücksichtigung der Überbreite in einem guten Verhältnis.   Produkt Daten Länge: beliebig, da Rollenware Licht Durchlass: blickdicht Material: 100% Polyester Optik: matt Warenbreite: ca. 280 cm Oberfläche: velourig Gewicht: ca. 175 g/qm Warengriff: samtig weich Waschen: 30 Grad Chemische Reinigung: P Bügeln: 2 Punkte, mit Bügeltuch um Glanzstellen zu vermeiden besondere Eigenschaften:  Scheuertouren: 20.000 Martindale Empfohlener     Einsatzzweck - leichte Polsterungen von Sitzmöbeln aller Art - im privaten Bereich - Möbel, Liegen, Stühle - Bespannungen von Möbeln und Trennwänden - Übergardinen, Dekoschals - Dekorationen wie Kissen und Überwürfe - und vieles andere mehr Volumengewicht für Auslandsversand: 0.245kg zurück zur Hauptansicht von Microfaser-Stoff Peachskin - 280 cm breit Weitere Varianten Von: Microfaser-Stoff Peachskin - 280 cm breit ca. 280 cm breit Microfaser-Stoff Peachskin - 280 cm breit Weiß Art.Nr.: MS5015001   mehr Info 46,65 € * Meter ca. 280 cm breit Microfaser-Stoff Peachskin - 280 cm breit Creme Art.Nr.: MS5015020   mehr Info 46,65 € * Meter ca. 280 cm breit Microfaser-Stoff Peachskin - 280 cm breit Vanille Art.Nr.: MS5015021   mehr Info 46,65 € * Meter ca. 280 cm breit Microfaser-Stoff Peachskin - 280 cm breit Hellbeige Art.Nr.: MS5015025   mehr Info 46,65 € * Meter ca. 280 cm breit Microfaser-Stoff Peachskin - 280 cm breit Beige Art.Nr.: MS5015065   mehr Info 46,65 € * Meter ca. 280 cm breit Microfaser-Stoff Peachskin - 280 cm breit Hellbraun Art.Nr.: MS5015325   mehr Info 46,65 € * Meter ca. 280 cm breit Microfaser-Stoff Peachskin - 280 cm breit Dunkelbraun Art.Nr.: MS5015371   mehr Info 46,65 € * Meter ca. 280 cm breit Microfaser-Stoff Peachskin - 280 cm breit Terra Art.Nr.: MS5015270   mehr Info 46,65 € * Meter ca. 280 cm breit Microfaser-Stoff Peachskin - 280 cm breit Rot Art.Nr.: MS5015250   mehr Info 46,65 € * Meter ca. 280 cm breit Microfaser-Stoff Peachskin - 280 cm breit Grün Art.Nr.: MS5015440   mehr Info 46,65 € * Meter ca. 280 cm breit Microfaser-Stoff Peachskin - 280 cm breit Grüngrau Art.Nr.: MS5015490   mehr Info 46,65 € * Meter ca. 280 cm breit Microfaser-Stoff Peachskin - 280 cm breit Dunkelgrau Art.Nr.: MS5015970   mehr Info 46,65 € * Meter ca. 280 cm breit Microfaser-Stoff Peachskin - 280 cm breit Schwarz Art.Nr.: MS5015999   mehr Info 46,65 € * Meter Kundenkommentar zu diesem Artikel Sie müssen angemeldet sein, um einen Kommentar schreiben zu können. Es liegen keine Kommentare zu diesem Artikel vor. Aktueller Artikel ca. 280 cm breit Microfaser-Stoff Peachskin - 280 cm breit Bordeaux Art.Nr.: MS5015263 Lieferzeit 2-14 Tage Leichter Polsterstoff oder auch für schwere blickdichte Gardinen geeignet mehr Info 46,65 € * Meter Mengenstaffelpreise (gültig pro Farbe): ab 5 Meter - 45,75€ ab 10 Meter - 43,19€ ab 50 Meter - 41,59€ Produkt 1 / 11 Zurück zur Übersicht Microfaserstoff Peach » © http://www.stoff4you.de Home Kontakt Impressum Datenschutz Widerrufsrecht AGB stoff4you.at Stoffmuster Zahlung Versand Service-Center Service FAQ Warenkorb Mein Konto Mein Merkzettel Über uns Unser Sortiment Newsletter Fotowettbewerb Stoffe Blog Stoff Fakten Stoff-Infoseiten Qualitätstest Zeltstoffe Tipi-Zelte Stoff-Lexikon * Alle Preise inkl. MwSt.,   zzgl. Versandkosten. X Sie haben soeben einen Artikel in den Warenkorb gelegt. ","title":"Microfaser-Stoff Peachskin - 280 cm breit Bordeaux","desc":"Microfaser-Stoff Peachskin - 280 cm breit - Ein leichter Bezugsstoff in Veloursoptik, bei dem beide Seiten identisch sind. Dieser Veloursstoff ist samtig weich, wie Pfirsichhaut und hat einen schmeich","details":{"length":12024,"language":"no","date":"2014/10/31 16:18:36","type":"text/html","country":""},"crawling":{"duration":"1","date":"2014/10/31 16:18:36"},"metas":[{"name":"robots","value":"index,follow"},{"name":"description","value":"Microfaser-Stoff Peachskin - 280 cm breit - Ein leichter Bezugsstoff in Veloursoptik, bei dem beide Seiten identisch sind. Dieser Veloursstoff ist samtig weich, wie Pfirsichhaut und hat einen schmeich"},{"name":"keywords","value":"microfaser-stoff, peachskin, -, 280, cm, breit, bordeaux, stoffe, microfaser, Polsterstoff, Möbelstoff, Mikrofaser Bezugstoff Möbelbezugstoff,Stoff, Stoffe, Shop"}],"uri":{"protocol":"http","domain":"de.stoff4you.","url":"http://stoff4you.de/stoffe/microfaser/microfaser-stoff-peachskin-bordeaux.html"}}},{"_index":"de_content_201410","_type":"resourceQ","_id":"http://rezulteo-reifen.de/reifen-maxxis/reifen-ua-899/kauf-und-montage-koln-14955","_score":1.0, "_source" : {"body":" Maxxis UA-899 Köln. Mit rezulteo finden Sie wo man den Maxxis UA-899 155 65 R13 73T in Köln kaufen und montieren lassen kann. Rezulteo bedient sich der Cookies, um die Navigation zu vereinfachen und Häufigkeitsstatistiken zu erstellen, ohne das Internetbesucher identifiziert werden. Für details, lesen Sie unsere AGB. Schließen Reifen, Preise, Shops im Vergleich Reifenmarken-Verzeichnis Fahrzeug-Verzeichnis Städteverzeichnis Registrieren Login   Reifen kaufen Reifenlabel-Simulator News Reifen Know-how Fragen und Antworten Winterreifen Home: Reifen, Preise, Shops im Vergleich > Maxxis Reifen > UA-899 Reifen > Reifenkauf in Köln Kein Foto verfügbar MAXXIS UA-899 Sicherheit : Keine Bewertung Komfort : Keine Bewertung Wirtschaftl. : Keine Bewertung Details Wir verfügen derzeit über keine Preisinformationen für diesen Reifen in dieser Dimension. Reifendimension ändern EU-Reifenlabel anzeigen - - - 1222/2009   Es gibt keine Angaben für diesen Reifen Maxxis UA-899 155 65 R13 73T Der Maxxis UA-899 Reifen ist ein Reifen . Über diesen Reifen gibt es keine weiteren Informationen. Mehr Informationen über die Werte des EU-Reifenlabels Beschreibung Preisvergleich Vergleichbare Reifen Händler Tests FAQ Wo kann man in Köln Maxxis Reifen kaufen und montieren lassen? Wo und bei wem können Sie Maxxis UA-899 Reifen, in Köln, kaufen und montieren lassen? rezulteo erleichtert Ihnen den Reifenkauf durch ein Reifen-Service-Center Verzeichnis: Online-Reifenhändler, Partner-Werkstätte, Reifenhändler und Autohändler in Köln und in der näheren Umgebung. z.B.: … Karte vergrößern Karte schließen Sortieren nach : Reifenhändler Alle ATU Euromaster First Stop Pit-stop Pneuhage Point S Premio Quick reifendiscount reifen.com Vergölst Online-Verkauf Alle atu.de euromaster.de firststop.de goodwheel.de pit-stop-reifenshop.de pneuhage-shop.de popgom.de reifen.com reifendirekt.de reifentiefpreis.de tirendo.de vergoelst.de Händler   Zugehörige Reifendienste Alle Achsenvermessung (31) Stickstoffbefüllung (31) Reifenlagerdienst (31) Einfache Bezahlung Alle Ratenzahlung (31) Erstattung des Mehrbetrags (8) Weitere Dienstleistungen Alle Online-Termin (8) Reifenpannen-Garantie (107) Weitere Kriterien   Sortieren: Entfernung Preis 89 Service-Center verkaufen Reifen der Marke Maxxis reifendirekt.de - GRS AUTO UND REIFENSERVICE   Huhnsgasse 43 50676 Köln 221249625 Mo.-Fr. 09.00 - 18.00 Uhr Uhr Sa. 10.00 - 14.00 Uhr Uhr bis zu 2.0 km Service-Center-Lokalisierung Für diesen Reifen gibt es heute keine Preise Service-Center reifendirekt.de - BIRNBAUM KFZ-TECHNIK   Bonner Wall 39-41 50677 Köln 221383549 Mo.-Fr. 8.00-17.00 Uhr Sa. Geschlossen Uhr bis zu 2.4 km Service-Center-Lokalisierung Für diesen Reifen gibt es heute keine Preise Service-Center reifendirekt.de - UBIA-GARAGE   Koblenzer Str. 15 50968 Köln 221312567 Mo.-Fr. 08:00 - 17:00/ Fr. bis 15:00 Uhr Sa. geschlossen Uhr bis zu 2.7 km Service-Center-Lokalisierung Für diesen Reifen gibt es heute keine Preise Service-Center Euromaster - EUROMASTER KOELN-ZOLLSTOCK (PKW)   Höninger Weg 3 50969 Koeln-Zollstock 0221/369068 Mo bis Fr: 08.00-18.00 Sa: 08:00-12.00 bis zu 2.8 km Service-Center-Lokalisierung Für diesen Reifen gibt es heute keine Preise Service-Center popgom.de - EUROMASTER KÖLN-ZOLLSTOCK   Höninger Weg 3 50969 Köln-Zollstock von Montag bis Freitag : 8:00/18:00 am Samstag : 9:00/13:00 bis zu 2.8 km Service-Center-Lokalisierung Für diesen Reifen gibt es heute keine Preise Service-Center reifendirekt.de - AUTO-SERVICE DRESSLER GMBH   Bonner Str. 258 50968 Köln 221382485 Mo.-Fr. 08:00 - 17:00 Uhr Sa. geschlossen Uhr bis zu 3.3 km Service-Center-Lokalisierung Für diesen Reifen gibt es heute keine Preise Service-Center popgom.de - FIRSTSTOP AUTO SERVICE UNGEWITTER   Bonner Str. 289 50968 Köln von Montag bis Freitag : 7:00/19:00 am Samstag : 9:00/13:00 bis zu 3.4 km Service-Center-Lokalisierung Für diesen Reifen gibt es heute keine Preise Service-Center reifendirekt.de - M+W AUTOMOBILE   Gottesweg 41 50969 Köln 2215105535 Mo.-Fr. 8-18 Uhr Sa. geschlossen Uhr bis zu 3.7 km Service-Center-Lokalisierung Für diesen Reifen gibt es heute keine Preise Service-Center reifen.com - MW AUTOMOBILE   Gottesweg 41 50969 Köln bis zu 3.7 km Service-Center-Lokalisierung Für diesen Reifen gibt es heute keine Preise Service-Center reifendirekt.de - REIFEN RADAR   Pasteur Str 1 50735 Köln 22116896273 Mo.-Fr. 09.00-18.00 Uhr Sa. 09.00-14.00 Uhr bis zu 4.2 km Service-Center-Lokalisierung Für diesen Reifen gibt es heute keine Preise Service-Center Anzeigen 5 10 15 Ergebnis ↑ oben ↑ Seite: 1 2 3 ... 9 > Die Liste der Reifenhändler und der Reifen-Montagestationen ist nicht vollständig. Wenn Sie mehr darüber erfahren möchten,  klicken Sie hier. Sie sind ein Montagezentrum, das auf rezulteo erwähnt wird, wollen dies aber nicht mehr, dann klicken Sie hier. 29 vergleichbare Reifen Ceat Spider 155 65 R13 73T Sicherheit: 4 / 5 Komfort: Keine Bewertung Wirtschaftl.: 5 / 5 EU-Reifenlabel anzeigen Ab 36,40 € Preise anzeigen Kein Foto vorhanden Dayton D110 155 65 R13 73T Sicherheit: 3 / 5 Komfort: Keine Bewertung Wirtschaftl.: 4 / 5 EU-Reifenlabel anzeigen Ab 37 € Preise anzeigen Kein Foto vorhanden Debica Passio 2 155 65 R13 73T Sicherheit: 3 / 5 Komfort: Keine Bewertung Wirtschaftl.: 4 / 5 EU-Reifenlabel anzeigen Ab 29,70 € Preise anzeigen Kein Foto vorhanden GT Radial Champiro ECO 155 65 R13 73T Sicherheit: Keine Bewertung Komfort: Keine Bewertung Wirtschaftl.: 4 / 5 EU-Reifenlabel anzeigen Ab 36,80 € Preise anzeigen Sava Perfecta 155 65 R13 73T Sicherheit: 3 / 5 Komfort: Keine Bewertung Wirtschaftl.: 3 / 5 EU-Reifenlabel anzeigen Ab 32,40 € Preise anzeigen Barum Brillantis 2 155 65 R13 73T Sicherheit: 3 / 5 Komfort: 4 / 5 Wirtschaftl.: 3 / 5 EU-Reifenlabel anzeigen Ab 32,22 € Preise anzeigen Federal SS 657 155 65 R13 73T Sicherheit: 2 / 5 Komfort: 4 / 5 Wirtschaftl.: Keine Bewertung EU-Reifenlabel anzeigen Ab 34,70 € Preise anzeigen Kein Foto vorhanden Nankang RX-615 155 65 R13 73T Keine Bewertung EU-Reifenlabel anzeigen Ab 36 € Preise anzeigen Kein Foto vorhanden Wanli S1015 155 65 R13 73T Keine Bewertung EU-Reifenlabel anzeigen Ab 29,20 € Preise anzeigen Matador MP 16 Stella 2 155 65 R13 73T Keine Bewertung EU-Reifenlabel anzeigen Ab 32,90 € Preise anzeigen Kormoran Impulser 155 65 R13 73T Keine Bewertung EU-Reifenlabel anzeigen Ab 73,20 € Preise anzeigen Marangoni e-logic 155 65 R13 73T Keine Bewertung EU-Reifenlabel anzeigen Ab 26,27 € Preise anzeigen Gislaved Urban*Speed 155 65 R13 73T Keine Bewertung EU-Reifenlabel anzeigen Ab 47 € Preise anzeigen Kein Foto vorhanden Nexen Classe Premiere 155 65 R13 73T Keine Bewertung EU-Reifenlabel anzeigen Ab 51,50 € Preise anzeigen General Tire Altimax RT 155 65 R13 73T Keine Bewertung EU-Reifenlabel anzeigen Ab 40,10 € Preise anzeigen Kein Foto vorhanden Matador MP 15 Stella 155 65 R13 73T Sicherheit: 2 / 5 Komfort: 5 / 5 Wirtschaftl.: 3 / 5 EU-Reifenlabel anzeigen Heute gibt es für diese Reifengröße keine Preise Barum Brillantis 155 65 R13 73T Sicherheit: 3 / 5 Komfort: 3 / 5 Wirtschaftl.: 2 / 5 EU-Reifenlabel anzeigen Heute gibt es für diese Reifengröße keine Preise Kein Foto vorhanden Viking CityTech 155 65 R13 73T Sicherheit: Keine Bewertung Komfort: Keine Bewertung Wirtschaftl.: 3 / 5 EU-Reifenlabel anzeigen Heute gibt es für diese Reifengröße keine Preise Kein Foto vorhanden Kingstar H714 155 65 R13 73T Keine Bewertung EU-Reifenlabel anzeigen Heute gibt es für diese Reifengröße keine Preise GT Radial Champiro BXT 155 65 R13 73T Sicherheit: Keine Bewertung Komfort: Keine Bewertung Wirtschaftl.: Keine Bewertung EU-Reifenlabel anzeigen Heute gibt es für diese Reifengröße keine Preise Gislaved Speed 616 155 65 R13 73T Keine Bewertung EU-Reifenlabel anzeigen Heute gibt es für diese Reifengröße keine Preise Kein Foto vorhanden Marangoni Trio 155 65 R13 73T Keine Bewertung EU-Reifenlabel anzeigen Heute gibt es für diese Reifengröße keine Preise Kein Foto vorhanden Riken Allstar 2 B2 155 65 R13 73T Keine Bewertung EU-Reifenlabel anzeigen Ab 40,80 € Preise anzeigen Kein Foto vorhanden Maxxis CS735 155 65 R13 73T Keine Bewertung EU-Reifenlabel anzeigen Heute gibt es für diese Reifengröße keine Preise Kein Foto vorhanden Nexen CP 621 155 65 R13 73T Keine Bewertung EU-Reifenlabel anzeigen Heute gibt es für diese Reifengröße keine Preise Kein Foto vorhanden Mabor Street Jet 155 65 R13 73T Keine Bewertung EU-Reifenlabel anzeigen Heute gibt es für diese Reifengröße keine Preise Kein Foto vorhanden Mabor Street Jet 2 155 65 R13 73T Keine Bewertung EU-Reifenlabel anzeigen Heute gibt es für diese Reifengröße keine Preise Tigar Sigura 155 65 R13 73T Sicherheit: Keine Bewertung Komfort: Keine Bewertung Wirtschaftl.: Keine Bewertung EU-Reifenlabel anzeigen Heute gibt es für diese Reifengröße keine Preise Kein Foto vorhanden Kingstar SK70 155 65 R13 73T Sicherheit: Keine Bewertung Komfort: Keine Bewertung Wirtschaftl.: Keine Bewertung EU-Reifenlabel anzeigen Heute gibt es für diese Reifengröße keine Preise - - - 1222/2009   Es gibt keine Angaben für diesen Reifen Ceat Spider 155 65 R13 73T Der Ceat Spider ist ein Sommerreifen für Stadtautos und bietet ein gutes Preis-Leistungs-Verhältnis. Wirtschaftlichkeit. Gutes Preis-Leistungs-Verhältnis und angemessene Laufleistung. Sicherheit. Optimierte Bremswege auf trockener Fahrbahn. Mehr Informationen über die Werte des EU-Reifenlabels - - - 1222/2009   Es gibt keine Angaben für diesen Reifen Dayton D110 155 65 R13 73T Der Sommerreifen Dayton D110 für Stadtautos und Kompaktwagen bietet ein gutes Preis-Leistungs-Verhältnis. Wirtschaftlichkeit. Gutes Fahrverhalten auf trockener Fahrbahn. Sicherheit. Gute Straßenlage und effizientes Bremsvermögen. Mehr Informationen über die Werte des EU-Reifenlabels F C 69 1222/2009 - C1 Letztes Update am 01/01/14 offizielle Quelle Debica Passio 2 155 65 R13 73T Der Dębica Passio 2 ist ein Sommerreifen für Stadtautos und Kompaktwagen. Er zeigt gutes Fahrverhalten und eine um 20% verlängerte Haltbarkeit als das Vorgängermodell. Sicherheit. Mit seinen Längs-und Seitenrillen bietet der Dębica Passio 2 gutes Bremsverhalten auf nasser Fahrbahn und verringertes Aquaplaning-Risiko. Haftung. Zufriedenstellender Grip auf glatter Fahrbahn durch seine zahlreichen Profilblöcke und seine Gummimischung. Fahrverhalten. Die steifen Schulterblöcke verhelfen zu guter Kurvenstabilität. Mehr Informationen über die Werte des EU-Reifenlabels F C 71 1222/2009 Letztes Update am 30/06/14 Häufigst beobachteten Werte der Reifenlabel (MOBS) GT Radial Champiro ECO 155 65 R13 73T Der GT Radial Champiro ECO Reifen ist ein Reifen . Über diesen Reifen gibt es keine weiteren Informationen. Mehr Informationen über die Werte des EU-Reifenlabels G C 68 1222/2009 - C1 Letztes Update am 01/02/14 offizielle Quelle Sava Perfecta 155 65 R13 73T Der Sommerreifen Sava Perfecta für Stadtautos bietet ein gutes Preis-Leistungsverhältnis. Sicherheit. Effizientes Bremsvermögen auf nasser Fahrbahn durch die zahlreichen Laufflächenkanten. Schutz vor Aquaplaning durch die vier umlaufenden Rippen. Wirtschaftlichkeit. Hohe Laufleistung durch die verbesserte Gummimischung und das Profil mit vier Rillen. Mehr Informationen über die Werte des EU-Reifenlabels E C 70 1222/2009 - C1 Letztes Update am 01/01/14 offizielle Quelle Barum Brillantis 2 155 65 R13 73T Der Barum Brillantis 2, ein sparsamer, für kleine und mittlere Fahrzeuge bestimmter Sommerreifen, bietet ein gutes Preis-Leistungsverhältnis. Reifenhaftung. Mit dem asymmetrischen Profildesign und robusten Schulterblöcken bietet der Barum Brillantis 2 einen effizienten Trocken- und Nässegrip. Sicherheit. Breite Umfangsrillen sorgen für eine effiziente Wasserverdrängung und dadurch für einen guten Aquaplaningschutz. Komfort. Geringere Fahrgeräusche durch die Profillamellen. Mehr Informationen über die Werte des EU-Reifenlabels F C 70 1222/2009 - C1 Letztes Update am 01/01/14 offizielle Quelle Federal SS 657 155 65 R13 73T Der Federal SS 657 Reifen ist ein Reifen . Über diesen Reifen gibt es keine weiteren Informationen. Mehr Informationen über die Werte des EU-Reifenlabels F C 69 1222/2009 - C1 Letztes Update am 01/01/14 offizielle Quelle Nankang RX-615 155 65 R13 73T Der Nankang RX-615 Reifen ist ein Reifen . Über diesen Reifen gibt es keine weiteren Informationen. Mehr Informationen über die Werte des EU-Reifenlabels - - - 1222/2009   Es gibt keine Angaben für diesen Reifen Wanli S1015 155 65 R13 73T Der Wanli S1015 Reifen ist ein Reifen . Über diesen Reifen gibt es keine weiteren Informationen. Mehr Informationen über die Werte des EU-Reifenlabels E C 70 1222/2009 - C1 Letztes Update am 01/01/14 offizielle Quelle Matador MP 16 Stella 2 155 65 R13 73T Der Matador MP 16 Stella 2 Reifen ist ein Reifen . Über diesen Reifen gibt es keine weiteren Informationen. Mehr Informationen über die Werte des EU-Reifenlabels - - - 1222/2009   Es gibt keine Angaben für diesen Reifen Kormoran Impulser 155 65 R13 73T Der Sommerreifen Kormoran Impulser für Stadtautos bietet ein gutes Preis-Leistungs-Verhältnis. Sicherheit. Reduziertes Aquaplaning-Risiko durch die zwei breiten umlaufenden Rillen. Mehr Informationen über die Werte des EU-Reifenlabels - - - 1222/2009   Es gibt keine Angaben für diesen Reifen Marangoni e-logic 155 65 R13 73T Der Marangoni e-logic ist ein für Stadtautos und den Stadtverkehr ausglegter Sommerreifen mit einem gutem Preis-Leistungs-Verhältnis. Umweltschutz. Die optimierte Gummimischung erhöht die Laufleistung. Umweltfreundlicher durch die Silica-Gummimischung ohne Zusatz von Aroma-Ölen. Sicherheit. Verbessertes Bremsvermögen auf trockener Fahrbahn durch die FOM-IC- Gummimischung. Mehr Informationen über die Werte des EU-Reifenlabels - - - 1222/2009   Es gibt keine Angaben für diesen Reifen Gislaved Urban*Speed 155 65 R13 73T Gislaved Urban*Speed Der Sommerreifen Gislaved Urban*Speed für Stadtautos und Kompaktwagen bietet Straßenlage und Komfort zu einem guten Preis. Fahrverhalten. Verbesserte Straßenlage auf nasser Fahrbahn durch die doppelten, miteinander verbundenen Schulterblöcke. Komfort. Weniger Abrollgeräusche durch die Gestaltung des Reifenprofils. Mehr Informationen über die Werte des EU-Reifenlabels - - - 1222/2009   Es gibt keine Angaben für diesen Reifen Nexen Classe Premiere 155 65 R13 73T Der Nexen Classe Premiere Reifen ist ein Reifen . Über diesen Reifen gibt es keine weiteren Informationen. Mehr Informationen über die Werte des EU-Reifenlabels - - - 1222/2009   Es gibt keine Angaben für diesen Reifen General Tire Altimax RT 155 65 R13 73T Der Sommerreifen General Altimax RT für kleine Fahrzeuge verbindet Sicherheit und Wirtschaftlichkeit. Sicherheit. Reduziertes Aquaplaningrisiko durch breite Mittelrippe und Seitenrippen, guter Grip auf trockener und nasser Fahrbahn. Komfort. Das asymmetrisches Profil und die neuartige Silica-Gummimischung sorgen für angenehmes Fahrverhalten. Wirtschaftlichkeit. Gleichmäßige Abnutzung der Lauffläche und optimierte Gummimischung für eine verbesserte Kilometerlaufleistung. Mehr Informationen über die Werte des EU-Reifenlabels - - - 1222/2009   Es gibt keine Angaben für diesen Reifen Matador MP 15 Stella 155 65 R13 73T Der Matador MP 15 Stella Reifen ist ein Reifen . Über diesen Reifen gibt es keine weiteren Informationen. Mehr Informationen über die Werte des EU-Reifenlabels - - - 1222/2009   Es gibt keine Angaben für diesen Reifen Barum Brillantis 155 65 R13 73T Der Barum Brillantis, ein für Stadtfahrzeuge bestimmter Sommerreifen, bietet Komfort und eine gute Straßenlage. Fahreigenschaften. Mit breiten Schulterblöcken zeichnet sich der Barum Brillantis durch stabiles Hochgeschwindigkeitsverhalten aus. Sicherheit. Breite Umfangsrillen sorgen für effiziente Wasserverdrängung und dadurch für Aquaplaningschutz. Komfort. Geringere Fahrgeräusche durch die Profillamellen. Mehr Informationen über die Werte des EU-Reifenlabels - - - 1222/2009   Es gibt keine Angaben für diesen Reifen Viking CityTech 155 65 R13 73T Der Viking CityTech Reifen ist ein Reifen . Über diesen Reifen gibt es keine weiteren Informationen. Mehr Informationen über die Werte des EU-Reifenlabels - - - 1222/2009   Es gibt keine Angaben für diesen Reifen Kingstar H714 155 65 R13 73T Der Kingstar H714 Reifen ist ein Reifen . Über diesen Reifen gibt es keine weiteren Informationen. Mehr Informationen über die Werte des EU-Reifenlabels - - - 1222/2009   Es gibt keine Angaben für diesen Reifen GT Radial Champiro BXT 155 65 R13 73T Der GT Radial Champiro BXT Reifen ist ein Reifen . Über diesen Reifen gibt es keine weiteren Informationen. Mehr Informationen über die Werte des EU-Reifenlabels - - - 1222/2009   Es gibt keine Angaben für diesen Reifen Gislaved Speed 616 155 65 R13 73T Der Gislaved Speed 616, ein für Kompaktfahrzeuge bestimmter Sommerreifen, stellt Fahrer zufrieden, die Wert auf ein gutes Preis-Leistungsverhältnis legen.  Fahreigenschaften. Drei breite Umfangsrillen und Zentralrippen sorgen beim Gislaved Speed 616 für Fahrstabilität und Lenkempfindlichkeit.  Sicherheit. Die optimierte Anordnung der Profilblöcke gewährleistet eine effiziente Wasserverteilung und guten Aquaplaningschutz. Komfort. Das flache, computeroptimierte Profil sorgt für komfortables Fahren auf allen Straßenarten.  Sparsamkeit. Geringer Rollwiderstand. Mehr Informationen über die Werte des EU-Reifenlabels - - - 1222/2009   Es gibt keine Angaben für diesen Reifen Marangoni Trio 155 65 R13 73T Der Marangoni Trio Reifen ist ein Reifen . Über diesen Reifen gibt es keine weiteren Informationen. Mehr Informationen über die Werte des EU-Reifenlabels - - - 1222/2009   Es gibt keine Angaben für diesen Reifen Riken Allstar 2 B2 155 65 R13 73T Der Riken Allstar 2 B2 Reifen ist ein Reifen . Über diesen Reifen gibt es keine weiteren Informationen. Mehr Informationen über die Werte des EU-Reifenlabels - - - 1222/2009   Es gibt keine Angaben für diesen Reifen Maxxis CS735 155 65 R13 73T Der Maxxis CS735 Reifen ist ein Reifen . Über diesen Reifen gibt es keine weiteren Informationen. Mehr Informationen über die Werte des EU-Reifenlabels - - - 1222/2009   Es gibt keine Angaben für diesen Reifen Nexen CP 621 155 65 R13 73T Der Nexen CP 621 Reifen ist ein Reifen . Über diesen Reifen gibt es keine weiteren Informationen. Mehr Informationen über die Werte des EU-Reifenlabels - - - 1222/2009   Es gibt keine Angaben für diesen Reifen Mabor Street Jet 155 65 R13 73T Der Mabor Street Jet Reifen ist ein Reifen . Über diesen Reifen gibt es keine weiteren Informationen. Mehr Informationen über die Werte des EU-Reifenlabels - - - 1222/2009   Es gibt keine Angaben für diesen Reifen Mabor Street Jet 2 155 65 R13 73T Der Mabor Street Jet 2 Reifen ist ein Reifen . Über diesen Reifen gibt es keine weiteren Informationen. Mehr Informationen über die Werte des EU-Reifenlabels F C 68 1222/2009 Letztes Update am 30/06/14 Häufigst beobachteten Werte der Reifenlabel (MOBS) Tigar Sigura 155 65 R13 73T Der Sommerreifen Tigar Sigura für Stadtautos und bietet ein gutes Preis-Leistungs-Verhältnis Sicherheit. Reduziertes Aquaplaning-Risiko und effizientes Bremsvermögen durch die breiten Längsrillen und die hohe Lamellendichte. Komfort. Angenehmes Fahrverhalten. Mehr Informationen über die Werte des EU-Reifenlabels - - - 1222/2009   Es gibt keine Angaben für diesen Reifen Kingstar SK70 155 65 R13 73T Der Kingstar SK70 Reifen ist ein Reifen . Über diesen Reifen gibt es keine weiteren Informationen. Mehr Informationen über die Werte des EU-Reifenlabels Unverbindliche Preisempfehlung ohne Felgen. Informativer, unverbindlicher und nicht vollständiger Inhalt. Erfahren Sie mehr darüber  klicken Sie hier. Kurs auf den Sommer... ...und auf Sommerreifen! Anzeigen   SONDERANGEBOTE Große Auswahl, gute Qualität, kompetenter Service. Angebot anzeigen Reifen zum besten Preis Angebot anzeigen Verkaufsstellen in Deutschland Berlin Hamburg München Köln Frankfurt am Main Stuttgart Dortmund Düsseldorf Bremen Hannover Leipzig Dresden Nürnberg Bochum Bonn Mannheim Kiel Lübeck Karlsruhe Aachen Im Internet Votre adresse Fokus auf Reifenmontage: Diese Regeln sollten Sie kennen! Reifenkauf richtig gemacht Der Fahrkomfort: Worauf Sie beim Kauf Ihrer Reifen achten sollten mehr... Wo kann man seine Reifen kaufen? mehr... Die richtigen Reifen für mein Fahrumfeld mehr... Alle Artikel der Rubrik \"Know-how\" anzeigen Maxxis Reifen Maxxis-Reifenkauf in Berlin Maxxis-Reifenkauf in Hamburg Maxxis-Reifenkauf in München Maxxis-Reifenkauf in Köln Maxxis-Reifenkauf in Frankfurt am Main Maxxis-Reifenkauf in Stuttgart Maxxis-Reifenkauf in Dortmund Maxxis-Reifenkauf in Düsseldorf Maxxis-Reifenkauf in Bremen rezulteo Reifen Reifen in Deutschland Reifenmarken Reifen: Fragen & Antworten Reifen-News Geschäftskunden Reifenprofis Inserenten Presse Mitgliedschaft Partnerschaften Widgets Über uns Wer wir sind Link Impressum Nutzungsbedingungen Datenschutzerklärung Kontaktieren Sie uns Helfen Sie uns, rezulteo zu verbessern! Copyright 2009-2014. Alle Rechte vorbehalten. Login E-Mail-Adresse Passwort Passwort vergessen? Eingeloggt bleiben Sind Sie neu bei rezulteo? Die Anmeldung bei rezulteo ist sehr einfach Bitte geben Sie Ihre E-Mail-Adresse ein Hier können Sie Ihren Preisalarm anlegen Reifengrößen Speichern Hier können Sie alle Antworten auf Ihre Fragen finden Wird geladen ","title":"Maxxis UA-899 Köln kaufen und montieren lassen.","desc":"Mit rezulteo finden Sie wo man Maxxis UA-899 in Köln kaufen und montieren lassen kann.Maxxis UA-899 Köln","details":{"length":21253,"language":"de","date":"2014/10/31 16:18:36","type":"application/xhtml+xml","country":""},"crawling":{"duration":"1","date":"2014/10/31 16:18:36"},"metas":[{"name":"msvalidate.01","value":"D04E9D88A8B15A4A3E9D654F794708DF"},{"name":"title","value":"Maxxis UA-899 Köln kaufen und montieren lassen."},{"name":"description","value":"Mit rezulteo finden Sie wo man Maxxis UA-899 in Köln kaufen und montieren lassen kann.Maxxis UA-899 Köln"},{"name":"keywords","value":"UA-899, Maxxis, Maxxis UA-899, Köln, Reifen kaufen, Reifen Montage, Reifen montieren, Reifenpflege, Reifen, rezulteo"},{"name":"robots","value":"index, follow"},{"name":"apple-touch-fullscreen","value":"YES"},{"name":"context","value":"prodA"}],"uri":{"protocol":"http","domain":"de.rezulteo-reifen.","url":"http://rezulteo-reifen.de/reifen-maxxis/reifen-ua-899/kauf-und-montage-koln-14955"}}},{"_index":"de_content_201410","_type":"resourceQ","_id":"http://forum.united-sportz.de/index.php?page=user&s=8738fc66b52351c934ca74ba12293bef18cc71a8&userid=4","_score":1.0, "_source" : {"body":" Sie sind nicht angemeldet. Anmelden Registrieren Ungelesene Beiträge Unbeantwortete Themen Themen der letzten 24 Stunden Erweiterte Suche United SportZ Forum Forum Mitglieder Galerie Homepage United SportZ Forum » Mitglieder » Profil von »Kate« Lieber Besucher, herzlich willkommen bei: United SportZ Forum. Falls dies Ihr erster Besuch auf dieser Seite ist, lesen Sie sich bitte die Hilfe durch. Dort wird Ihnen die Bedienung dieser Seite näher erläutert. Darüber hinaus sollten Sie sich registrieren, um alle Funktionen dieser Seite nutzen zu können. Benutzen Sie das Registrierungsformular, um sich zu registrieren oder informieren Sie sich ausführlich über den Registrierungsvorgang. Falls Sie sich bereits zu einem früheren Zeitpunkt registriert haben, können Sie sich hier anmelden. Kate Clanleitung »Kate« ist männlich Registrieren Sie sich jetzt! Sie müssen sich registrieren, um eine Verbindung mit diesem Benutzer herzustellen. Profil Freunde Gästebuch Persönliche Informationen Geschlecht Männlich Onlinezeit 0 Tage, 4 Stunden, 34 Minuten, 20 Sekunden Zum Seitenanfang Beiträge (21) United SportZ in Socialmedia Sonntag, 4. Mai 2014, 14:00 Zum Seitenanfang Alle Beiträge anzeigen Alle Themen anzeigen Freunde (4) Draiken Romance N3RDSTAR The Bra!n Zum Seitenanfang Alle Freunde anzeigen Kontakt E-Mail-Adresse E-Mail an »Kate« senden vCard Kate Allgemeine Informationen Registrierungsdatum Montag, 20. Januar 2014, 11:10 Letzte Aktivität Dienstag, 24. Juni 2014, 19:55 Profil-Aufrufe 383 (2,29 Aufrufe pro Tag) Aktivitätspunkte 180 (1,08 Punkte pro Tag) Treuesterne Beiträge 21 (0,13 Beiträge pro Tag) Profilbesucher Draiken Dienstag, 1. Juli 2014, 19:31 Hilfe Impressum Nutzungsbestimmungen Sonntag, 6. Juli 2014, 13:51 Zum Seitenanfang Forensoftware: Burning Board®, entwickelt von WoltLab® GmbH Dauerhaft angemeldet bleiben? ","title":"Profil von »Kate« - Mitglieder - United SportZ Forum","desc":null,"details":{"length":1840,"language":"de","date":"2014/10/31 16:18:37","type":"application/xhtml+xml","country":""},"crawling":{"duration":"1","date":"2014/10/31 16:18:37"},"metas":[{"name":"description","value":""},{"name":"keywords","value":""}],"uri":{"protocol":"http","domain":"de.united-sportz.forum.","url":"http://forum.united-sportz.de/index.php?page=user&s=8738fc66b52351c934ca74ba12293bef18cc71a8&userid=4"}}},{"_index":"de_content_201410","_type":"resourceQ","_id":"http://netzworkshop.de/wws/media.php?sid=65981064823840823540259915991640","_score":1.0, "_source" : {"body":"    Print       Service Service Media Background Images and logos Contact us Terms and conditions Privacy Imprint         Service Media   Media We will be happy to answer your questions, help you with your research, and put you in contact with project participants and directors. Media Contact Nicole Scherschun The Boston Consulting Group Ludwigstraße 21 80539 München Tel.: +49 (0)89 2317-4775 E-mail: presse@business-at-school.net General information on business@school Background In this section you will find general press information on business@school. Images and logos In the image library you will find printable logos and images associated with recent news and events.     Contact us Media Privacy Imprint Deutsch English","title":"business@school - Media","desc":"de:Gern beantworten wir Ihre Fragen, unterstützen Sie bei Ihren Recherchen und bringen Sie in Kontakt mit Projektteilnehmern und -verantwortlichen.<br />en:We will be happy to answer your questions, help you with your research, and put you in contact with project participants and directors.","details":{"length":731,"language":"en","date":"2014/10/31 16:18:38","type":"text/html","country":""},"crawling":{"duration":"1","date":"2014/10/31 16:18:38"},"metas":[{"name":"robots","value":"index, follow"},{"name":"description","value":"de:Gern beantworten wir Ihre Fragen, unterstützen Sie bei Ihren Recherchen und bringen Sie in Kontakt mit Projektteilnehmern und -verantwortlichen.<br />en:We will be happy to answer your questions, help you with your research, and put you in contact with project participants and directors."}],"uri":{"protocol":"http","domain":"de.netzworkshop.","url":"http://netzworkshop.de/wws/media.php?sid=65981064823840823540259915991640"}}},{"_index":"de_content_201410","_type":"resourceQ","_id":"http://glasplatte.de/forum/ucp.php?mode=register&sid=eb38498a516ee9f7dea42e217f47a6e0","_score":1.0, "_source" : {"body":" Glasplatte / Forum für Glaser und interessierte../ Anmelden    Registrieren FAQ     Impressum     Suche Aktuelle Zeit: 09.07.2014, 12:01 Unbeantwortete Themen | Aktive Themen Foren-Übersicht Alle Zeiten sind UTC + 1 Stunde Glasplatte - Registrierung Mit dem Zugriff auf „Glasplatte“ wird zwischen dir und dem Betreiber ein Vertrag mit folgenden Regelungen geschlossen: 1. Nutzungsvertrag Mit dem Zugriff auf „Glasplatte“ (im Folgenden „das Board“) schließt du einen Nutzungsvertrag mit dem Betreiber des Boards ab (im Folgenden „Betreiber“) und erklärst dich mit den nachfolgenden Regelungen einverstanden. Wenn du mit diesen Regelungen nicht einverstanden bist, so darfst du das Board nicht weiter nutzen. Für die Nutzung des Boards gelten jeweils die an dieser Stelle veröffentlichten Regelungen. Der Nutzungsvertrag wird auf unbestimmte Zeit geschlossen und kann von beiden Seiten ohne Einhaltung einer Frist jederzeit gekündigt werden. 2. Einräumung von Nutzungsrechten Mit dem Erstellen eines Beitrags erteilst du dem Betreiber ein einfaches, zeitlich und räumlich unbeschränktes und unentgeltliches Recht, deinen Beitrag im Rahmen des Boards zu nutzen. Das Nutzungsrecht nach Punkt 2, Unterpunkt a bleibt auch nach Kündigung des Nutzungsvertrages bestehen. 3. Pflichten des Nutzers Du erklärst mit der Erstellung eines Beitrags, dass er keine Inhalte enthält, die gegen geltendes Recht oder die guten Sitten verstoßen. Du erklärst insbesondere, dass du das Recht besitzt, die in deinen Beiträgen verwendeten Links und Bilder zu setzen bzw. zu verwenden. Der Betreiber des Boards übt das Hausrecht aus. Bei Verstößen gegen diese Nutzungsbedingungen oder anderer im Board veröffentlichten Regeln kann der Betreiber dich nach Abmahnung zeitweise oder dauerhaft von der Nutzung dieses Boards ausschließen und dir ein Hausverbot erteilen. Du nimmst zur Kenntnis, dass der Betreiber keine Verantwortung für die Inhalte von Beiträgen übernimmt, die er nicht selbst erstellt hat oder die er nicht zur Kenntnis genommen hat. Du gestattest dem Betreiber, dein Benutzerkonto, Beiträge und Funktionen jederzeit zu löschen oder zu sperren. Du gestattest dem Betreiber darüber hinaus, deine Beiträge abzuändern, sofern sie gegen o. g. Regeln verstoßen oder geeignet sind, dem Betreiber oder einem Dritten Schaden zuzufügen. 4. General Public License Du nimmst zur Kenntnis, dass es sich bei phpBB um eine unter der General Public License (GPL) bereitgestellten Foren-Software der phpBB Group (www.phpbb.com) handelt; deutschsprachige Informationen werden durch die deutschsprachige Community unter www.phpbb.de zur Verfügung gestellt. Beide haben keinen Einfluss auf die Art und Weise, wie die Software verwendet wird. Sie können insbesondere die Verwendung der Software für bestimmte Zwecke nicht untersagen oder auf Inhalte fremder Foren Einfluss nehmen. 5. Gewährleistung Der Betreiber haftet mit Ausnahme der Verletzung von Leben, Körper und Gesundheit und der Verletzung wesentlicher Vertragspflichten (Kardinalpflichten) nur für Schäden, die auf ein vorsätzliches oder grob fahrlässiges Verhalten zurückzuführen sind. Dies gilt auch für mittelbare Folgeschäden wie insbesondere entgangenen Gewinn. Die Haftung ist gegenüber Verbrauchern außer bei vorsätzlichem oder grob fahrlässigem Verhalten oder bei Schäden aus der Verletzung von Leben, Körper und Gesundheit und der Verletzung wesentlicher Vertragspflichten (Kardinalpflichten) auf die bei Vertragsschluss typischerweise vorhersehbaren Schäden und im übrigen der Höhe nach auf die vertragstypischen Durchschnittsschäden begrenzt. Dies gilt auch für mittelbare Folgeschäden wie insbesondere entgangenen Gewinn. Die Haftung ist gegenüber Unternehmern außer bei der Verletzung von Leben, Körper und Gesundheit oder vorsätzlichem oder grob fahrlässigem Verhalten des Betreibers auf die bei Vertragsschluss typischerweise vorhersehbaren Schäden und im Übrigen der Höhe nach auf die vertragstypischen Durchschnittsschäden begrenzt. Dies gilt auch für mittelbare Schäden, insbesondere entgangenen Gewinn. Die Haftungsbegrenzung der Absätze a bis c gilt sinngemäß auch zugunsten der Mitarbeiter und Erfüllungsgehilfen des Betreibers. Ansprüche für eine Haftung aus zwingendem nationalem Recht bleiben unberührt. 6. Änderungsvorbehalt Der Betreiber ist berechtigt, die Nutzungsbedingungen und die Datenschutzrichtlinie zu ändern. Die Änderung wird dem Nutzer per E-Mail mitgeteilt. Der Nutzer ist berechtigt, den Änderungen zu widersprechen. Im Falle des Widerspruchs erlischt das zwischen dem Betreiber und dem Nutzer bestehende Vertragsverhältnis mit sofortiger Wirkung. Die Änderungen gelten als anerkannt und verbindlich, wenn der Nutzer den Änderungen zugestimmt hat. Informationen über den Umgang mit deinen persönlichen Daten sind in der Datenschutzrichtlinie enthalten. zum mobilen Style Impressum Powered by phpBB © 2000, 2002, 2005, 2007 phpBB Group Deutsche Übersetzung durch phpBB.de ","title":"Glasplatte > > >  Persönlicher Bereich • Registrieren","desc":null,"details":{"length":4941,"language":"de","date":"2014/10/31 16:18:36","type":"application/xhtml+xml","country":""},"crawling":{"duration":"1","date":"2014/10/31 16:18:36"},"metas":[{"name":"ROBOTS","value":"NOARCHIVE"},{"name":"google-site-verification","value":"iQ_Eb1ec-RlqYxsBM1bEhbRmMfvYL0IqGCSxZuimwYo"},{"name":"resource-type","value":"document"},{"name":"distribution","value":"global"},{"name":"copyright","value":"2002-2006 phpBB Group"},{"name":"keywords","value":""},{"name":"description","value":""}],"uri":{"protocol":"http","domain":"de.glasplatte.","url":"http://glasplatte.de/forum/ucp.php?mode=register&sid=eb38498a516ee9f7dea42e217f47a6e0"}}},{"_index":"de_content_201410","_type":"resourceQ","_id":"http://xn--designermode-gut-gnstig-tpc.de/shop-category/698/34947009/seite6.html","_score":1.0, "_source" : {"body":" hier schon gar nicht                 DesignerMode-                                 Gut-Günstig.de                 Welchen Designer suchen Sie?     Preis von: bis:          Suche ausschließlich in dieser Kategorie Home Designermode Livesuche Contact  Rabatt - Aktionen Bei diesen Partnern sparen Sie beim Kauf von Designerbekleidung günstige Schuhe bei mirapodo kaufen und einen 5,-€ Rabattcoupon bekommen. Durch einen Klick auf diesen Link und der Anmeldung für den kostenlosen mirapodo Newsletter erhältst du diese 5,-€ Nachlass. bis zum 31.03.12 Wer immer auf der Suche nach aktuellen Gutscheinaktionen ist der kann unter: zu den kostenlosen und gültigen Gutscheinen schauen. Hier findet der Besucher stetig mindestens 350 kostenlose Gutscheine von cirka 200 verschiedenen Anbietern .  Sie sind hier:   Herren Sale Premium Schuhe » Slipper    Hilfe Preis: aufsteigend oder absteigend Sortieren sie hier, ob ihr Suchergebnis mit den höchsten Preis beginnenden angezeigt werden soll. Oder soll ihr Suchergebnis mit dem niedrigsten Preis beginnend angezeigt werden.    Preis Info       Produkte Sortieren nach  Preis aufsteigend Preis absteigend 85 Angebote: <<       1 2 3 4 5 6 7 8 9    >    Fratelli Rossetti Slipper mosi d. vigogna york indaco Fratelli Rossetti Slipper mosi d. vigogna york indaco: Extrem leicht und flexibel präsentiert sich der Slipper von Fratelli Rossetti in warmem Grau. Jetzt Fratelli Rossetti Slipper versandkostenfrei bei Zalando bestellen!    Produkt-Details        Artikel bestellen Preis: 139,95* EUR alter Preis: 229,95* EUR Versandkosten: EUR 0.00 mehr Artikel von Zalando - Gesamtsortiment Basso & Brooke GARDA Slipper step by step Basso & Brooke GARDA Slipper step by step: Jetzt Basso & Brooke Slipper versandkostenfrei bei Zalando bestellen!    Produkt-Details        Artikel bestellen Preis: 139,95* EUR alter Preis: 369,95* EUR Versandkosten: EUR 0.00 mehr Artikel von Zalando - Gesamtsortiment Basso & Brooke GARDA Slipper geo Basso & Brooke GARDA Slipper geo: Jetzt Basso & Brooke Slipper versandkostenfrei bei Zalando bestellen!    Produkt-Details        Artikel bestellen Preis: 139,95* EUR alter Preis: 369,95* EUR Versandkosten: EUR 0.00 mehr Artikel von Zalando - Gesamtsortiment Doucal´s Slipper nero Doucal´s Slipper nero: Der unkonventionelle Klassiker erfreut sich steigender Beliebtheit. Jetzt Doucal´s Slipper versandkostenfrei bei Zalando bestellen!    Produkt-Details        Artikel bestellen Preis: 149,95* EUR alter Preis: 289,95* EUR Versandkosten: EUR 0.00 mehr Artikel von Zalando - Gesamtsortiment Fratelli Rossetti Slipper mosi d.mogano Fratelli Rossetti Slipper mosi d.mogano: Diese Slipper aus dem italienischen Hause Fratelli Rossetti überzeugen mit wenig Gewicht, flexibler Laufsohle und ihrem dezent sportlichen Design. Jetzt Fratelli Rossetti Slipper versandkostenfrei bei Zalando bestellen!    Produkt-Details        Artikel bestellen Preis: 149,95* EUR alter Preis: 229,95* EUR Versandkosten: EUR 0.00 mehr Artikel von Zalando - Gesamtsortiment Charles Philip Shanghai COS Slipper black/violet Charles Philip Shanghai COS Slipper black/violet: COS ist der stylische, extravagante Slipper für die neue Jahreszeit. Jetzt Charles Philip Shanghai Slipper versandkostenfrei bei Zalando bestellen!    Produkt-Details        Artikel bestellen Preis: 149,95* EUR alter Preis: 189,95* EUR Versandkosten: EUR 0.00 mehr Artikel von Zalando - Gesamtsortiment Barker RIPLEY Slipper tan Barker RIPLEY Slipper tan: Englische Handwerkstradition und Klasse bestimmen diesen mittelbraunen Slipper aus weichem Veloursleder. Jetzt Barker Slipper versandkostenfrei bei Zalando bestellen!    Produkt-Details        Artikel bestellen Preis: 149,95* EUR alter Preis: 264,95* EUR Versandkosten: EUR 0.00 mehr Artikel von Zalando - Gesamtsortiment Magnanni Slipper ante cabra/ cognac Magnanni Slipper ante cabra/ cognac: Seit 1954 steht das Label Magnanni für spanische Schuhexzellenz und begeistert mit Kreationen, die zeitlos, klassisch, aber auch immer den Spirit der Gegenwart einfangen. Jetzt Magnanni Slipper versandkostenfrei bei Zalando bestellen!    Produkt-Details        Artikel bestellen Preis: 149,95* EUR alter Preis: 269,95* EUR Versandkosten: EUR 0.00 mehr Artikel von Zalando - Gesamtsortiment Green George Slipper blue Green George Slipper blue: 1970 gegründet, hat sich das Label Green George in über vier Jahrzehnten international einen Namen gemacht. Jetzt Green George Slipper versandkostenfrei bei Zalando bestellen!    Produkt-Details        Artikel bestellen Preis: 149,95* EUR alter Preis: 249,95* EUR Versandkosten: EUR 0.00 mehr Artikel von Zalando - Gesamtsortiment Just Cavalli Slipper weiß/blau Just Cavalli Slipper weiß/blau: Italienische Männer trumpfen mit Charme und Chic. Jetzt Just Cavalli Slipper versandkostenfrei bei Zalando bestellen!    Produkt-Details        Artikel bestellen Preis: 159,95* EUR alter Preis: 189,95* EUR Versandkosten: EUR 0.00 mehr Artikel von Zalando - Gesamtsortiment Seite(n) <<       1 2 3 4 5 6 7 8 9    >    Die letzten verwendeten Suchbegriffe: hugo boss cilisio , hugo boss filipino , 50254098 001 , besa anthrazit 50254098 001 , styleicone , strellson , strellson victory w , strellson victory v , cormina , joop 14095 , dery1 , dery , hugo boss 50253984 , hugo boss dery1 , hugo boss dery1 50253984 , c a , hugo boss cladd 50209820 210 , hugo boss 50228276 202 , hugo boss , barbour , döll megan , boss hugo macadam , jeansblau 50248536 421 , f2893e , timberland boot hiker wheat 32590 , timberland , 50184757 , kennel schmenger orange , diesel black gold , malloni , antik denim , jojo , petit fleur , boss hugo 50234048 , deetak , diesel deetak , joop , märz 490700 , sarti faliero , sarti , mavi jeans , mavi jeans bella , airstep , boss hugo signature , boss hugo 50125497 , kennel schmenger , 198506 79 , camper damas , silvano sassetti cangaru , french connction , french connection , faliero sarti sonika , faliero sarti , sarti faliero sonika , lavin anzug , versace anzug , armani anzug , prada anzug , prada , cavaletti , märz , Start Sitemap Designermode Contact RSS-Feed www.designermode-gut-günstig.de © 2010 | Impressum  © 2009 Template Theme07 by affilistyle.de                            ","title":"Herren - Sale - Premium - Schuhe - Slipper -  auf DesignerMode-Gut-Günstig","desc":"Hier finden Sie aktuelle Designermode zu einem unschlagbaren günstigem Preis. Wir bieten in unserem Outlet-Shop eine große Auswahl an Designer-Bekleidung von Kopf bis Fuß.","details":{"length":6219,"language":"de","date":"2014/10/31 16:18:37","type":"text/html","country":""},"crawling":{"duration":"1","date":"2014/10/31 16:18:37"},"metas":[{"name":"Keywords","value":"Herren,Sale,Premium,Schuhe,Slipper,günstig,Outlet,Designermode,online,shoppen,mode,outletshop"},{"name":"Description","value":" Hier finden Sie aktuelle Designermode zu einem unschlagbaren günstigem Preis. Wir bieten in unserem Outlet-Shop eine große Auswahl an Designer-Bekleidung von Kopf bis Fuß."},{"name":"robots","value":"noindex,nofollow"}],"uri":{"protocol":"http","domain":"de.xn--designermode-gut-gnstig-tpc.","url":"http://xn--designermode-gut-gnstig-tpc.de/shop-category/698/34947009/seite6.html"}}},{"_index":"de_content_201410","_type":"resourceQ","_id":"http://quixsuche.de/tag/frei-sms","_score":1.0, "_source" : {"body":" Home Bestellungen+Preise Internetwerbung Datenschutz Impressum Internetwerbung Seite – Suchmaschinen Werbung Seniorenbetreuung Notmütterdienst Sitemap Webseiten Eintrag Ergebnisse 1 - 2 von 2 (0,210 Sekunden)  5vor12 – Free SMS / SMS kostenlos Free SMS ohne Anmeldung versenden. 5vor12.de verschenkt monatlich über 1 Million Free SMS. http://www.5vor12.de/ 0 Kommentare Free SMS ohne Anmeldung – jetzt Kostenlos versenden. Versenden Sie täglich bis zu 10 Free SMS mit SMS-Kostenlos160.de. Täglich über 5000 kostenlose SMS mit 160 Zeichen und eigenen Absender weltweit versenden. http://www.sms-kostenlos160.de/ 0 Kommentare Kategorien Alles Gratis Allgemein Ankauf Anzeigen Annoncen Inserate Betreuung Betreuung Berlin Betreuung Frankfurt Betreuung Hamburg Deutschland Urlaub Immobilien Internet Internet Shops Jobs Arbeit Stellenmarkt KFZ Automarkt Mode Tiermarkt Verkauf Werbung Home Bestellungen+Preise Internetwerbung Datenschutz Impressum Internetwerbung Seite – Suchmaschinen Werbung Seniorenbetreuung Notmütterdienst Sitemap Webseiten Eintrag ws-comp.de   Alles Gratis  Ankauf  Anzeigen Annoncen Inserate Betreuung Betreuung Berlin Betreuung Frankfurt Betreuung Hamburg Deutschland Urlaub Immobilien  Internet  Internet Shops  Jobs Arbeit Stellenmarkt  KFZ Automarkt  Mode  Tiermarkt  Verkauf ","title":"  frei sms » Suchmaschine Quixsuche Websites Anzeigen Deutschland finden","desc":"Quixsuche Suchmaschinen Werbung & Suchmaschineneintrag bei Quixsuche Anzeigen die schnelle Suchmaschine.Suchmaschinenwerbung bei Quixsuche","details":{"length":1301,"language":"de","date":"2014/10/31 16:18:38","type":"application/xhtml+xml","country":""},"crawling":{"duration":"1","date":"2014/10/31 16:18:38"},"metas":[{"name":"keywords","value":"Quixsuche, Suchmaschineneintrag, suchmaschinenwerbung, schnelle, anzeigen, suchmaschine, werbung"},{"name":"description","value":"Quixsuche Suchmaschinen Werbung & Suchmaschineneintrag bei Quixsuche Anzeigen die schnelle Suchmaschine.Suchmaschinenwerbung bei Quixsuche"},{"name":"generator","value":"WordPress 3.1.3"},{"name":"robots","value":"all"},{"name":"robots","value":"index"},{"name":"robots","value":"follow"},{"name":"language","value":"deutsch, de"}],"uri":{"protocol":"http","domain":"de.quixsuche.","url":"http://quixsuche.de/tag/frei-sms"}}},{"_index":"de_content_201410","_type":"resourceQ","_id":"http://dynamo-dresden.de/mediathek/dynamogespraeche/interview-mit-giannis-papadopoulos.html?no_cache=1&sword_list%5b0%5d=heimspiel","_score":1.0, "_source" : {"body":"Startseite Mediathek Interview mit Giannis Papadopoulos ZURÜCK Schnellzugriff Schnellzugriff Tickets Fanshop FAQ Saison 2013/14 Heimspiel-Infos Fanbeauftragter Anfahrt/Kontakt Medienservice Suchbegriff Interview mit Giannis Papadopoulos Bereits als Siebzehnjähriger ging mein Traum in Erfüllung Giannis Papadopoulos Er wuchs in der zweitgrößten griechischen Stadt als Sohn eines Fußball-Idols auf und schaffte bei Iraklis Thessaloniki den Sprung in den Profi-Fußball. Im Alter von nur 19 Jahren wechselte er zum erfolgreichsten Verein seines Heimatlandes und wurde einmal Pokalsieger und zweimal griechischer Meister mit Olympiakos Piräus, bevor er im August 2011 seine Heimat verließ, um zur SG Dynamo Dresden zu wechseln: Giannis Papadopoulos. Der Dynamo-KREISEL traf sich mit dem 22-Jährigen in seinem Lieblingslokal „Orfeas“ im Wallgäßchen, wo er in Dresden eine griechische Ersatzfamilie fernab seines Heimatlandes gefunden hat. Wir sprachen mit „Papa“, wie er von seinen Mitspielern gerufen wird, über die Anstrengungen während der Wintervorbereitungen, über chaotische Zustände im griechischen Fußball und er erklärte uns, warum sein Vater ihn wohl nicht so schnell in Dresden besuchen wird. Giannis, sprechen wir zu Beginn erst einmal über die zurückliegende Winterpause. Wie hast Du die freie Zeit in deiner Heimat Griechenland verbracht? Wir hatten ja insgesamt zwei Wochen Urlaub. Ich habe im Kreise meiner Familie über die Weihnachtszeit in Griechenland ein bisschen entspannt und mich sehr darüber gefreut, dass ich nach einem halben Jahr in Deutschland meine Freunde wiedersehen konnte. So habe ich den Kopf frei bekommen, indem ich einfach mal nicht an den Fußball gedacht habe. Nach dem Weihnachtsurlaub ging es zur Vorbereitung für zehn Tage ins Trainingslager. Wie anstrengend war die Zeit in der Türkei? Das Trainingslager hat natürlich an unseren Kräften gezerrt, aber das ist absolut normal in der Vorbereitung und vom Trainer ja explizit so gewollt. Ich denke, dass wir sehr gut vorbereitet in die Rückrunde gehen werden. Ich bin vor allem darüber froh, dass ich verletzungsfrei geblieben bin und ausnahmslos jede Trainingseinheit mitmachen konnte. Ich muss zugeben, dass es für mich schon etwas Besonderes war, dass gleich drei Übungseinheiten an einem Tag auf dem Trainingsplan in der Türkei standen. Das habe ich bisher noch bei keinem anderen Trainer erlebt. Ich habe aber hart an mir gearbeitet und komme topfit und hoch motiviert aus der Winterpause. Der Trainer hat dich gegenüber den Journalisten für deine Leistungen im Trainingslager ausdrücklich gelobt. Tut das besonders gut nach den Strapazen? Es macht mich natürlich stolz, wenn der Trainer so etwas über mich sagt. Denn auch daraus ziehe ich in gewisser Weise mein Selbstvertrauen für die Rückrunde. Wichtig ist aber nicht, welche Leistungen ich in einem Testspiel abgerufen habe. Ich muss vielmehr dann da sein und meine Leistung zu 100 Prozent bringen, wenn der Trainer mich in der 2. Bundesliga spielen lässt. Nur dann zählt es! Durch die zehn Tage im Trainingslager konnte die Mannschaft noch einmal enger zusammenrücken. Bist Du jetzt endgültig bei Dynamo angekommen? Ja, das fühle ich! Ich bin im vergangenen Sommer ja erst relativ spät Anfang August zur Mannschaft gestoßen. Ich hatte zu diesem Zeitpunkt keine richtige Vorbereitung absolviert und brauchte sowohl körperlich als auch seelisch meine Eingewöhnungszeit in Dresden. Durch das Trainingslager und die Vorbereitung bin ich in einem sehr guten körperlichen Zustand und kenne jetzt alle Mitspieler, weiß, wie sie Fußball spielen und welches Niveau die 2. Bundesliga hat. Ich fühle mich jetzt richtig integriert und versuche für die Mannschaft mein Bestes zu geben. Du lebst jetzt seit einem halben Jahr in Deutschland. Was sind deiner Meinung nach die gravierendsten Unterschiede zwischen dem Profi-Fußball hierzulande und in Griechenland? Wenn man es drastisch ausdrückt, ist es im griechischen Fußball momentan so: Erst kommt Olympiakos Piräus, dann Panathinaikos Athen und danach regiert nur noch das Chaos bei den anderen Vereinen. Die meisten Clubs plagen sich zudem mit finanziellen oder irgendwelchen anderen Problemen herum. Im deutschen Profi-Fußball sieht es nicht nur wirtschaftlich anders aus. Jeder Club ist hier bestens organisiert und strukturiert, in Deutschland funktioniert das Fußball-Geschäft wie ein Uhrwerk. Es gibt in der ersten und zweiten Bundesliga sehr viele schöne und moderne Stadien, die an jedem Spieltag für Hunderttausende ein Zuschauermagnet sind. Der Fußball ist in Deutschland eine besondere Kultur. In Griechenland sehen die Rahmenbedingungen deutlich anders aus. Beispielsweise sind die meisten Stadien alt und entsprechen somit nicht mehr den heutigen Standards. Du hast bei zwei großen Traditionsvereinen in der 1. Liga Griechenlands gespielt. Welche Erfahrungen hast Du im Bezug auf die Fankultur bei deinem Heimatverein Iraklis Thessaloniki und später dann beim Rekordmeister Olympiakos Piräus gesammelt? Beide Vereine sind große Traditionsvereine in Griechenland und werden sehr emotional gelebt. Richtige Highlights mit einer heißblütigen Atmosphäre sind natürlich auch im griechischen Fußball die Derbys. Wenn ich zum Beispiel mit Olympiakos Piräus gegen PAOK Salonikki gespielt habe, ging es nicht nur auf dem Rasen heiß her. Die Luft brennt, wenn diese beiden Vereine aufeinander treffen. Das Stadion ist bei solchen Spielen natürlich immer Wochen vorher ausverkauft. Nach deutschen Maßstäben müsste man von bedenklichen Ausnahmezuständen rund um diese emotionalen Derbys sprechen, die man sich hier im Grunde gar nicht vorstellen kann. Da brennt es im Stadion, da fliegen Flaschen, Sitzschalen und diverse andere Dinge aufs Spielfeld. Was das betrifft, kann man die beiden Länder überhaupt nicht miteinander vergleichen. Spielt dein jüngerer Bruder Giorgos auch Fußball? Ja, Giorgos ist 18 Jahre alt und spielt als Stammtorhüter bei unserem Heimatverein Iraklis Thessaloniki. Dem Club geht es allerdings sehr schlecht, da er wegen finanzieller Unregelmäßigkeiten im vergangenen Sommer von der ersten in die vierte Liga zwangsabsteigen musste. Jetzt ist Thessaloniki mit einem anderen Team fusioniert und spielt in der 3. Liga. Mal sehen, ob er auch dort Stammtorhüter sein wird. Er hatte in der Vergangenheit leider immer wieder mit Verletzungen zu tun, das hat ihn immer wieder zurückgeworfen. Giorgos ist talentiert, er kann es mit etwas Glück und einer noch professionelleren Einstellung auch noch in eine höhere Liga schaffen. Da bin ich mir sehr sicher. Wie seid ihr beide zum Fußball gekommen? Unser Vater Daniil war selbst ein sehr bekannter Profi-Fußballer. Er spielte siebzehn Jahre lang für unseren Heimatverein Iraklis Thessaloniki in der ersten Liga und ist bis heute mit 419 Einsätzen Rekordspieler des Vereins. Jeder Anhänger kennt ihn, denn er ist noch heute aufgrund seiner damaligen Vereinstreue so eine Art Idol für alle Iraklis-Fans. Als sehr kleiner Junge bin ich so oft es ging mit meinem Vater zum Training gefahren und war bei jedem Heimspiel im Stadion, um ihm zuzuschauen. So wurde bei mir bereits im Kindesalter die Faszination für den Fußball geweckt. Als mein Vater Ende der 1990er Jahre seine Karriere beendet hatte, war ich neun Jahre alt und der Wunsch, selbst Profi zu werden, wurde in mir geboren. Ich wurde direkt in die Fußballakademie von Iraklis aufgenommen. Mit sechzehneinhalb habe ich dann meinen ersten Profivertrag unterschrieben und plötzlich ging alles ganz schnell. Bereits als Siebzehnjähriger ging mein Traum in Erfüllung, als ich mein Erstliga-Debüt im Derby gegen Aris Thessaloniki feiern durfte. Hat deine Familie seit deinem Wechsel von Olympiakos zu Dynamo schon einmal die Zeit gefunden, dich in Dresden zu besuchen? Meine Mutter Barbara war gleich zu Beginn da und hat mir geholfen, meine Wohnung in Dresden einzurichten. Mein Bruder besucht mich über Ostern in Dresden. Dein Vater Daniil war also noch nicht zu Gast, um seinem Sohn bei einem Heimspiel in Dresden zuzuschauen? Nein, bisher nicht. Er mag das Reisen nicht so sehr. Er liebt es, zu Hause zu sein und sein gewohntes Umfeld um sich zu haben. Er war ja selbst jahrelang Fußballer, hat so viele Hotels gesehen und ist einfach satt vom Herumreisen. Er schaut sich aber alle Dynamo-Spiele im Internet an. Er verfolgt also sehr genau, was ich hier mache. Ist er stolz auf seinen Sohn? Ich glaube schon... ... hat er es dir noch nie gesagt? Er ist generell ein sehr strenger Kritiker im Leben und zieht dem Lob eher eine präzise Kritik vor, um mich auf bestimmte Dinge hinzuweisen, die ich noch besser machen kann. Für meinen Vater steht der sportliche Erfolg seiner Söhne aber nicht an erster Stelle. Ihm ist es viel wichtiger, dass mein Bruder und ich gesund sind. In Europa wird Griechenland seit 2010 nur noch mit der Haushalts- und Staatsschuldenkrise in Verbindung gebracht. Wenn man dieses Thema mal beiseite lässt: Was bedeutet dir dein Heimatland? Ich bin stolz auf mein Land und liebe es über alles. Für mich ist Griechenland landschaftlich ein wunderschönes und abwechslungsreiches Land, es hat sehr viel zu bieten und ist immer eine Reise wert. Ich habe als Grieche aber logischerweise einen anderen Blick auf meine Heimat und weiß, dass es gerade der Mittelschicht im Moment in Griechenland sehr, sehr schlecht geht. Und obwohl gerade diese Menschen nicht für diese schlechte Entwicklung verantwortlich sind, müssen diese Leute für das Verbrechen und den Schaden anderer jetzt am meisten leiden. Wenn Griechenland politisch und wirtschaftlich so aufgestellt wäre wie beispielsweise Deutschland, wäre es ein perfektes Land! Was vermisst Du hier in Deutschland am meisten? Natürlich meine Familie und meine Freunde. Aber ich habe hier in Dresden inzwischen auch ein paar Freunde und Landsleute kennengelernt. So auch „Kiki“, die zusammen mit ihren Eltern das griechische Restaurant „Orfeas“ betreibt. Sie sind immer für mich da, hier kann ich immer hinkommen und nebenbei die leckersten griechischen Spezialitäten essen. Ich gehöre unterdessen schon fast zur Familie Giotas. Mitte Februar schließen sie das Restaurant, ich werde sicherlich auch dann noch regelmäßig zu ihnen kommen. Deshalb fühle ich mich auch nicht allein in Deutschland, weil ich hier Freunde gefunden habe. Außerdem bin ich in der Zwischenzeit in Dresden richtig angekommen. Diese Stadt ist sehr schön. Hier gibt es nicht so viel Verkehr wie in meiner Heimatstadt, es geht alles ein bisschen ruhiger zu und die Menschen sind außerdem sehr nett. Ich zähle sicher nicht die Tage, bis ich im Sommer das nächste Mal nach Griechenland fahren kann. Ich fühle mich hier sehr wohl und lebe für den Fußball. Und bin sehr froh darüber, dass ich mich im vergangenen Sommer für Deutschland und Dynamo entschieden habe. Es war im Nachhinein gesehen die absolut beste Entscheidung. Ich habe mich durch die Auslandserfahrung auch in meiner Persönlichkeit schon jetzt weiterentwickeln können und werde davon im weiteren Verlauf meiner Karriere sicher noch profitieren. Wirst Du versuchen, Deutsch zu lernen? Ja, natürlich will ich das gern. Aber ich musste mich erst einmal einleben und mein Leben in Deutschland organisieren. Ich werde versuchen, einen Sprachlehrer zu finden. Ein paar Sachen verstehe ich aber mittlerweile schon auf Deutsch. Außerdem kann ich alle wichtigen Kommandos auf dem Spielfeld verstehen und sprechen. Die Verständigung mit meinen Mannschaftskollegen war jedenfalls bisher nie ein Problem, da wir ja auf Englisch kommunizieren können. Zum Schluss: Wie lautet deine persönliche Zielstellung für die Rückrunde? Unser gemeinsames Ziel muss der Klassenerhalt sein! Dafür müssen wir die notwendigen Punkte so schnell wie möglich in den kommenden fünfzehn Spielen holen. Das sind wir unseren Fans, dem Verein und der Stadt einfach schuldig. Mich stimmt positiv, dass wir als Team in den vergangenen Monaten enger zusammenwachsen konnten. Wir wissen jetzt, wie jeder Einzelne auf dem Feld tickt und wie wir als Team noch besser spielerisch funktionieren können. Dazu hat sicherlich auch das zehntägige Trainingslager in der Türkei beigetragen. Ich bin mir sicher, dass die Qualität in unserem Kader steckt, damit wir unser Ziel am Ende auch erreichen werden. Wir wissen, dass wir ein hartes Auftaktprogramm gegen Greuther Fürth, Union Berlin und Paderborn haben. Deshalb müssen wir von Anfang voll da sein. Dann können wir auch gegen diese Gegner punkten, die im Moment weiter oben in der Tabelle stehen. Giannis, danke für das Gespräch und viel Erfolg! Interview: Henry Buschmann Fotos: Frank Dehlis Beitrag drucken Zurück zur Übersicht Alle DynamoBilder DynamoTV DynamoGespräche Bitte unterstützen Sie die SG Dynamo Dresden! News RSS Mediathek Tickets Fanshop   Saison News Sommervorbereitung Mannschaft Unsere Mannschaft Kader 2014/2015 Sommerfahrplan Alle Termine der Vorbereitung Spielerwechsel Neuzugänge, Abgänge Verein News Daten und Fakten Gestern und Heute Ehrenspielführer Gremien SGD-Preis Mitgliedschaft Geschäftsstelle Medienservice Stadion „KREISEL“ Partner Schiedsrichter Jubiläumsjahr 2013 FDGB-Pokal Jobs FAQ Dynamo Dresden Gestern und Heute Fans News Heimspiele Auswärtsspiele Fanbetreuung Blindenradio Gegen Gewalt und Rassismus Dynamo für Anfänger Fanshop Fan-Charta Fanclubs Faninitiativen Fanprojekt Stadionverbots- anhörungskommission Angebote für Fans FAQ Dynamo-Fanshop Hier findest du alles, was das Dynamo-Herz begehrt. Nachwuchs News Nachwuchs Akademie Trainingsgelände Probetraining Erfolgsgeschichten Partner Unterstützen U23-Mannschaft U19-Mannschaft U17-Mannschaft U16-Mannschaft U15-Mannschaft U14-Mannschaft Kleinfeldmannschaften Fußballschule Kontakt Nachwuchs Akademie Die Dynamo-Talentschmiede: Philosophie, Geschichte etc. Partner News Partner werden Erfolgsgeschichte Sponsoring Werbemöglichkeiten Hospitality Sponsorenübersicht Partner werden Ihr Kontakt zum Dynamo- Vermarktungspartner Werbemöglichkeiten Ihre Unternehmensdarstellung nach Maß Hospitality Seien Sie Gastgeber auf höchstem Niveau! Archiv Saison 2011/2012 Saison 2012/2013 Saison 2013/2014 Saisonspielplan Videos, Bildergalerien und Spielberichte Die Mannschaft 2012/13 Statistikdaten für alle Spieler Liga-Statistiken Torschützen & Scorer 2011/12 12. Mann - deine SGD Im Herzen vereint. SG Dynamo Dresden e. V. Gegründet: 12. April 1953 Startseite Anfahrt/Kontakt Impressum Datenschutz FAQ News Mediathek Tickets Fanshop Saison News Sommervorbereitung Mannschaft Verein News Daten und Fakten Gestern und Heute Ehrenspielführer Gremien SGD-Preis Mitgliedschaft Geschäftsstelle Medienservice Stadion „KREISEL“ Partner Schiedsrichter Jubiläumsjahr 2013 FDGB-Pokal Jobs FAQ Fans News Heimspiele Auswärtsspiele Fanbetreuung Blindenradio Gegen Gewalt und Rassismus Dynamo für Anfänger Fanshop Fan-Charta Fanclubs Faninitiativen Fanprojekt Stadionverbotsanhörungskommission Angebote für Fans FAQ Nachwuchs News Nachwuchs Akademie Trainingsgelände Probetraining Erfolgsgeschichten Partner Unterstützen U23-Mannschaft U19-Mannschaft U17-Mannschaft U16-Mannschaft U15-Mannschaft U14-Mannschaft Kleinfeldmannschaften Fußballschule Kontakt Partner News Partner werden Erfolgsgeschichte Sponsoring Werbemöglichkeiten Hospitality Sponsorenübersicht Archiv Saison 2011/2012 Saison 2012/2013 Saison 2013/2014 Bundesliga Twitter Hosting durch: ","title":"Interview mit Giannis Papadopoulos","desc":null,"details":{"length":15329,"language":"de","date":"2014/10/31 16:18:38","type":"application/xhtml+xml","country":""},"crawling":{"duration":"1","date":"2014/10/31 16:18:38"},"metas":[{"name":"author","value":"Sportgemeinschaft Dynamo Dresden e.V."},{"name":"robots","value":"index, follow, noydir, noodp"},{"name":"ICBM","value":"51.049117;13.738461"},{"name":"geo.region","value":"DE-SN"},{"name":"geo.placename","value":"Dresden"},{"name":"geo.position","value":"51.049117;13.738461"},{"name":"robots","value":"index,follow,noodp,noydir"}],"uri":{"protocol":"http","domain":"de.dynamo-dresden.","url":"http://dynamo-dresden.de/mediathek/dynamogespraeche/interview-mit-giannis-papadopoulos.html?no_cache=1&sword_list%5b0%5d=heimspiel"}}},{"_index":"de_content_201410","_type":"resourceQ","_id":"http://airportsearch.de/dep/zfr/frankfurt+oder","_score":1.0, "_source" : {"body":" Time: Home | Language: You are here:  Home Flight Departure for Frankfurt+Oder | ZFR | Frankfurt+Oder Arrivals Search other airport: Airport Search World Airports Database Infos Partner Contact | Sitemap | Privacy | Impressum | Send Page © airportsearch.de 2008-09 ","title":"Airport Frankfurt+Oder | Frankfurt+Oder Departure | ZFR Flightplan","desc":"Flight Departure Stat for Frankfurt+Oder | ZFR. All airport departures for Frankfurt+Oder","details":{"length":266,"language":"en","date":"2014/10/31 16:18:38","type":"application/xhtml+xml","country":""},"crawling":{"duration":"1","date":"2014/10/31 16:18:38"},"metas":[{"name":"description","value":"Flight Departure Stat for Frankfurt+Oder | ZFR. All airport departures for Frankfurt+Oder"},{"name":"keywords","value":"Frankfurt+Oder departure, Frankfurt+Oder departure time, Flightplan Frankfurt+Oder, Frankfurt+Oder flight status, Frankfurt+Oder airport information, Frankfurt+Oder flights, ZFR departure"}],"uri":{"protocol":"http","domain":"de.airportsearch.","url":"http://airportsearch.de/dep/zfr/frankfurt+oder"}}},{"_index":"de_content_201410","_type":"resourceQ","_id":"http://inside-technik.de/index.php?page=userblogoverview&s=594ddd9128f87af18f1cf7351da9000d8b0a9ec1&sortfield=time&sortorder=desc","_score":1.0, "_source" : {"body":" Sie sind nicht angemeldet. Anmelden Ungelesene Beiträge Unbeantwortete Themen Themen der letzten 24 Stunden Erweiterte Suche inside-technik.de Navigation 1. News 2. Blog 3. Lexikon 4. Mitglieder 5. TeamSpeak Noch kein Mitglied? Um alle Funktionen des Forums nutzen zu können, sollten Sie sich registrieren. Heute noch, bevor ein Anderer schneller ist! Registrieren Anmelden Anmelden - inside-technik.de X Benutzername Kennwort Dauerhaft angemeldet bleiben? Kennwort vergessen inside-technik.de » Blog Lieber Besucher, herzlich willkommen bei: inside-technik.de. Falls dies Ihr erster Besuch auf dieser Seite ist, lesen Sie sich bitte die Hilfe durch. Dort wird Ihnen die Bedienung dieser Seite näher erläutert. Darüber hinaus sollten Sie sich registrieren, um alle Funktionen dieser Seite nutzen zu können. Benutzen Sie das Registrierungsformular, um sich zu registrieren oder informieren Sie sich ausführlich über den Registrierungsvorgang. Falls Sie sich bereits zu einem früheren Zeitpunkt registriert haben, können Sie sich hier anmelden. Alle Artikel (3) Erstellt Bewertung Zugriffe Kommentare 3 httpd Spezial Einträge für Confixx Von admin (Freitag, 24. Mai 2013, 00:00) httpd Spezial Einträge für Confixx httpd Spezial Einträge für Confixx können vom Administrator ganz einfach im Confixx angelegt werden. Angelegt können diese werden unter dem Punkt: Httpd Optionen. Dieser Artikel wurde bereits 580 mal gelesen. Tags Tags: confixx, httpd, plesk, spezial Kategorien Kategorien: Technik Zum Seitenanfang 0 Kommentare Weiterlesen 2 Hardreset - Werkseinstellung für Samsung S5230 Star Von admin (Donnerstag, 23. Mai 2013, 23:01) Wie setzte ich ein Samsung S5230 zurück auf Werkseinstellungen? Aus verschiedenen Gründen kann es notwendig werden sein Smartphone zurück zu setzten. Beispielsweise wenn sich das Gerät oft \"aufhängt\" bzw. nicht das tut was es soll. Es gibt dazu im Netz verschiedene Lösungsansätze. Natürlich gehen dabei alle Einstellungen und gespeicherten Daten (Kontakte, etc.) verloren. Bewährt hat sich dabei die folgende Prozedur. Im Tastenfeld des Telefonmodus folgendes eingeben: Dieser Artikel wurde bereits 578 mal gelesen. Tags Tags: s5230, star, hardreset, samsung Kategorien Kategorien: Smartphones Zum Seitenanfang 0 Kommentare Weiterlesen 1 Teamspeak 3 Server auf Linux (Debian) installieren Von admin (Donnerstag, 23. Mai 2013, 22:53) Folgendes HowTo bezieht sich auf eine Teamspeak 3 Installation auf Debian \"Squeeze\". Einen User anlegen: PHP-Quelltext 1 2 3 root :~ # mkdir /home/teamspeak root :~ # useradd -g users teamspeak -d /home/teamspeak/ -s /bin/false root :~ # passwd teamspeak Dem User Bisitzerrechte geben: PHP-Quelltext 1 root :~ # chown teamspeak /home/teamspeak/ als User \"teamspeak\" einloggen per wget den Linux Server downloaden von http://www.teamspeak.com/?page=downloads Dieser Artikel wurde bereits 559 mal gelesen. Tags Tags: teamspeak, ts3, debian Kategorien Kategorien: Technik Zum Seitenanfang 0 Kommentare Weiterlesen Erstellt Bewertung Zugriffe Kommentare Globale Kategorien Smartphones (1) Technik (2) Bestbewertet Artikel Blogs Teamspeak 3 Server auf Linux (Debian) installieren Von admin (23. Mai 2013, 22:53) Hardreset - Werkseinstellung für Samsung S5230 Star Von admin (23. Mai 2013, 23:01) httpd Spezial Einträge für Confixx Von admin (24. Mai 2013, 00:00) Die bestbewerteten Artikel admin Aktuelles Artikel Blogs httpd Spezial Einträge für Confixx Von admin (24. Mai 2013, 00:00) Hardreset - Werkseinstellung für Samsung S5230 Star Von admin (23. Mai 2013, 23:01) Teamspeak 3 Server auf Linux (Debian) installieren Von admin (23. Mai 2013, 22:53) Die letzten Artikel admin 24. Mai 2013, 00:00 Meistgelesen Artikel Blogs httpd Spezial Einträge für Confixx 580 mal gelesen Hardreset - Werkseinstellung für Samsung S5230 Star 577 mal gelesen Teamspeak 3 Server auf Linux (Debian) installieren 559 mal gelesen Die meistgelesenen Artikel admin 1 716 mal gelesen Meistkommentiert Artikel Blogs Teamspeak 3 Server auf Linux (Debian) installieren 0 Kommentare Hardreset - Werkseinstellung für Samsung S5230 Star 0 Kommentare httpd Spezial Einträge für Confixx 0 Kommentare admin 0 Kommentare Beliebteste Tags (11) confixx debian hardreset httpd plesk s5230 samsung spezial star teamspeak ts3 Statistik: 1 Blog - 3 Artikel (0,01 Artikel pro Tag) - 0 Kommentare. Filter nach Tag confixx debian hardreset httpd plesk s5230 samsung spezial star teamspeak ts3 Navigation News Blog Lexikon Teamspeak 3 Links my-works.de - Free Image Hosting webrapid - URL Shorting Service linx4web DastroMedia Platz für Ihren Eintrag frei frei frei frei Hilfe Impressum Mittwoch, 9. Juli 2014, 12:51 Zum Seitenanfang Forensoftware: Burning Board®, entwickelt von WoltLab® GmbH | WBB Style by cls-design Dauerhaft angemeldet bleiben? ","title":"Blog - inside-technik.de","desc":null,"details":{"length":4774,"language":"de","date":"2014/10/31 16:18:38","type":"application/xhtml+xml","country":""},"crawling":{"duration":"1","date":"2014/10/31 16:18:38"},"metas":[{"name":"description","value":""},{"name":"keywords","value":""}],"uri":{"protocol":"http","domain":"de.inside-technik.","url":"http://inside-technik.de/index.php?page=userblogoverview&s=594ddd9128f87af18f1cf7351da9000d8b0a9ec1&sortfield=time&sortorder=desc"}}},{"_index":"de_content_201410","_type":"resourceQ","_id":"http://rennsportforum.de/phpbb/memberlist.php?mode=viewprofile&sid=cd8e09d486ebc2264d93e82f281f4cd2&u=14815","_score":1.0, "_source" : {"body":" Herzlich willkommen im Forum rund um den Slalom- und Rallyesport! Wer etwas schreiben möchte muss sich vorher anmelden. Die Anmeldung hat keine Nebenwirkungen. Das Userprofil kann jederzeit angepasst werden. email-Adressen können versteckt bleiben. Zum Inhalt Erweiterte Suche Foren-Übersicht Ändere Schriftgröße FAQ Registrieren Anmelden Du musst registriert und angemeldet sein, um Profile anzuschauen. Benutzername: Passwort: Ich habe mein Passwort vergessen Mich bei jedem Besuch automatisch anmelden Meinen Online-Status während dieser Sitzung verbergen   Registrieren Du musst in diesem Forum registriert sein, um dich anmelden zu können. Die Registrierung ist in wenigen Augenblicken erledigt und ermöglicht dir, auf weitere Funktionen zuzugreifen. Die Board-Administration kann registrierten Benutzern auch zusätzliche Berechtigungen zuweisen. Beachte bitte unsere Nutzungsbedingungen und die verwandten Regelungen, bevor du dich registrierst. Bitte beachte auch die jeweiligen Forenregeln, wenn du dich in diesem Board bewegst. Nutzungsbedingungen | Datenschutzrichtlinie Registrieren Foren-Übersicht Das Team • Alle Cookies des Boards löschen • Alle Zeiten sind UTC + 1 Stunde Powered by phpBB® Forum Software © phpBB Group Deutsche Übersetzung durch phpBB.de ","title":"Ewo-Motorsport • Anmelden","desc":null,"details":{"length":1271,"language":"de","date":"2014/10/31 16:18:38","type":"application/xhtml+xml","country":""},"crawling":{"duration":"1","date":"2014/10/31 16:18:38"},"metas":[{"name":"resource-type","value":"document"},{"name":"distribution","value":"global"},{"name":"keywords","value":""},{"name":"description","value":""}],"uri":{"protocol":"http","domain":"de.rennsportforum.","url":"http://rennsportforum.de/phpbb/memberlist.php?mode=viewprofile&sid=cd8e09d486ebc2264d93e82f281f4cd2&u=14815"}}},{"_index":"de_content_201410","_type":"resourceQ","_id":"http://grammatikfragen.de/search.php?s=b42afbfb1751138d93066f98c7c7a70e&searchid=159793","_score":1.0, "_source" : {"body":" Registrieren Hilfe Angemeldet bleiben? Startseite Grammatikfragen Benutzungshinweise Unsere Icons Quellen Erweiterte Suche vBulletin-Systemmitteilung vBulletin-Systemmitteilung Ihre Suchanfrage erzielte keine Treffer. Bitte versuchen Sie es mit anderen Suchbegriffen. Gehe zu: Bereiche Benutzerkontrollzentrum Private Nachrichten Abonnements Wer ist online Foren durchsuchen Forum-Startseite Grammatikfragen Archiv Impressum Nach oben Alle Zeitangaben in WEZ +1. Es ist jetzt 08:26 Uhr. Powered by vBulletin™ Version 4.1.2 (Deutsch) Copyright ©2014 Adduco Digital e.K. und vBulletin Solutions, Inc. Alle Rechte vorbehalten. ","title":"Grammatikfragen","desc":"Heißt es gewinkt oder gewunken? Experten der Justus-Liebig-Universität Gießen beantworten Ihre Fragen zur deutschen Grammatik.","details":{"length":625,"language":"de","date":"2014/10/31 16:18:36","type":"application/xhtml+xml","country":""},"crawling":{"duration":"1","date":"2014/10/31 16:18:36"},"metas":[{"name":"vb_meta_bburl","value":"http://www.grammatikfragen.de"},{"name":"generator","value":"vBulletin 4.1.2"},{"name":"keywords","value":"vbulletin,jelsoft,adduco digital,forum,bbs,discussion,bulletin board"},{"name":"description","value":"Heißt es gewinkt oder gewunken? Experten der Justus-Liebig-Universität Gießen beantworten Ihre Fragen zur deutschen Grammatik."},{"name":"robots","value":"noindex,follow"}],"uri":{"protocol":"http","domain":"de.grammatikfragen.","url":"http://grammatikfragen.de/search.php?s=b42afbfb1751138d93066f98c7c7a70e&searchid=159793"}}},{"_index":"de_content_201410","_type":"resourceQ","_id":"http://callcenter-bueromoebel.de/image_zoom.php?show=zwvmngrhmwm5mwfhzmuxzji5otm3yme0ndc0otm0n2yuanbnp3dpzhropsixnzaiighlawdodd0inzyi","_score":1.0, "_source" : {"body":"","title":"preview image","desc":null,"details":{"length":0,"language":"en","date":"2014/10/31 16:18:36","type":"text/html","country":""},"crawling":{"duration":"1","date":"2014/10/31 16:18:36"},"metas":[],"uri":{"protocol":"http","domain":"de.callcenter-bueromoebel.","url":"http://callcenter-bueromoebel.de/image_zoom.php?show=zwvmngrhmwm5mwfhzmuxzji5otm3yme0ndc0otm0n2yuanbnp3dpzhropsixnzaiighlawdodd0inzyi"}}},{"_index":"de_content_201410","_type":"resourceQ","_id":"http://bera-drees.de/onlineshop/wasserpfeifen/shishas.html?dir=asc&mode=grid&order=position&p=2","_score":1.0, "_source" : {"body":" Mein Benutzerkonto Mein Warenkorb Zur Kasse Anmelden Herzlich willkommen Warenkorb: 0 Artikel Start Onlineshop Neuheiten Angebote Einwegfeuerzeuge Piezozündung Reibradzündung Turboflamme Werbefeuerzeuge BIC Feuerzeuge Feuerzeuge Lizenz-Feuerzeuge Stabfeuerzeuge Benzinfeuerzeuge Zippo Piezofeuerzeuge Turbofeuerzeuge/Jetflame Steinfeuerzeuge Pfeifen-/Zigarrenfeuerzeuge Tischfeuerzeuge Ascher Aschenbecher Taschenaschenbecher Alles für den Zigarettenraucher Zigaretten-Hülsen Zigaretten-Papier Filter Zigaretten-Fertiger Zigaretten-Spitzen Shagbeutel Zigaretten-Boxen Zigaretten-Etuis Tabakdosen Gluttöter Alles für den Pfeifenraucher Pfeifen Tabakbeutel Pfeifentaschen Pfeifenständer Pfeifenstopfer Pfeifenfilter Pfeifenreiniger Pfeifenascher Tabaktöpfe Pfeifen-Einsteigersets Wasserpfeifen Shishas Bongs Zubehör Kohle Ersatzteile Alles für den Zigarrenraucher Zigarrenetuis Zigarrenspitzen Zigarrenascher Zigarrenabschneider Humidore Elektrische Zigarette Liquid für Elektrische Zigaretten Zigaretten und Zubehör Verbrauchsartikel / Raucherzubehör Streichhölzer Feuerzeuggas Feuerzeugbenzin Feuersteine/Dochte Tabak Feinschnitt-Tabak Pfeifen-Tabak Zigarren Cigarillos Zigaretten Blunts Wasserpfeifen-Tabak Schnupf-Tabak Liquids elektrische Zigarette Geschenkartikel Glückwunschkarten Geschenktüten Glücksbringer Schlüsselanhänger Autos Spardosen Tassen Clowns Plüsch Schirme/Leder Verschiedenes Saisonartikel Osterartikel Verschiedenes Kaugummi/Süßigkeiten Batterien Tragetaschen Gummiringe Feuerzeugdisplays Pfeifenschränke Geschäft Aktuelles Angebote Kontakt Home > Onlineshop > Wasserpfeifen > Shishas Shishas Artikel 10 bis 18 von 37 gesamt Zeige 9 15 30 pro Seite Seite: 1 2 3 4 5 Darstellung als: Gitter  Liste  Sortieren nach Reihenfolge Name Preis Coney Wasserpfeife Hookah \"Cobra\" rot 29,50 € Inkl. MwSt., zzgl. Versandkosten Lieferzeit 2-3 Tage In den Warenkorb | Auf die Vergleichsliste Coney Wasserpfeife Hookah \"Cobra\" blau 29,50 € Inkl. MwSt., zzgl. Versandkosten Lieferzeit 2-3 Tage In den Warenkorb | Auf die Vergleichsliste Coney Wasserpfeife Hookah \"Vase\" blaues Glas 39,90 € Inkl. MwSt., zzgl. Versandkosten Lieferzeit 2-3 Tage In den Warenkorb | Auf die Vergleichsliste Coney Wasserpfeife Mario Junior 4,20 € Inkl. MwSt., zzgl. Versandkosten Lieferzeit 2-3 Tage In den Warenkorb | Auf die Vergleichsliste Champ Wasserpfeife Hookah \"Ägypten\" 55,00 € Inkl. MwSt., zzgl. Versandkosten Lieferzeit 2-3 Tage In den Warenkorb | Auf die Vergleichsliste Coney Wasserpfeife Hookah \"Horus\" 45 cm 34,95 € Inkl. MwSt., zzgl. Versandkosten Lieferzeit 2-3 Tage In den Warenkorb | Auf die Vergleichsliste Metallwasserpfeifen-Set 140 mm 3,50 € Inkl. MwSt., zzgl. Versandkosten Lieferzeit 2-3 Tage In den Warenkorb | Auf die Vergleichsliste Metallwasserpfeifen-Set 85 mm 3,00 € Inkl. MwSt., zzgl. Versandkosten Lieferzeit 2-3 Tage In den Warenkorb | Auf die Vergleichsliste Playboy E-Shisha 10,95 € Inkl. MwSt., zzgl. Versandkosten Lieferzeit 2-3 Tage In den Warenkorb | Auf die Vergleichsliste Artikel 10 bis 18 von 37 gesamt Zeige 9 15 30 pro Seite Seite: 1 2 3 4 5 Darstellung als: Gitter  Liste  Sortieren nach Reihenfolge Name Preis Durchsuchen nach Kategorie Einwegfeuerzeuge Neuheiten Feuerzeuge Ascher Alles für den Zigarettenraucher Alles für den Pfeifenraucher Wasserpfeifen Shishas Bongs Zubehör Kohle Ersatzteile Alles für den Zigarrenraucher Elektrische Zigarette Verbrauchsartikel / Raucherzubehör Tabak Geschenkartikel Verschiedenes Angebote Info Über uns Termine Angebote Kontakt Impressum Recycling 5 gute Gründe Service Zahlung Versand Sicherheit Händlervorteile Profil Anmeldung Warenkorb Kasse Widerrufsbelehrung © 2013 Bera Drees ","title":"Bera Drees Shishas - Wasserpfeifen - Onlineshop Bera Drees","desc":"Meta Description","details":{"length":3656,"language":"de","date":"2014/10/31 16:18:37","type":"application/xhtml+xml","country":""},"crawling":{"duration":"1","date":"2014/10/31 16:18:37"},"metas":[{"name":"description","value":"Meta Description"},{"name":"keywords","value":"Keyword1, Keyword2, Keyword3"},{"name":"robots","value":"INDEX,FOLLOW"}],"uri":{"protocol":"http","domain":"de.bera-drees.","url":"http://bera-drees.de/onlineshop/wasserpfeifen/shishas.html?dir=asc&mode=grid&order=position&p=2"}}},{"_index":"de_content_201410","_type":"resourceQ","_id":"http://mimedica.de/produkte/sortiment/haut_haare_und_naegel/pilzerkrankungen_von_haut_und_naegeln_und_im_windelbereich?pagerpage=3","_score":1.0, "_source" : {"body":" Sortiment Produktsuche Produkt / Anbieter / Wirkstoff / PZN Angebote Topseller Kategorien Auf in die Sonne Auf in den Schnee Gesund zu Hause Topseller Aktionen und Angebote Produkte bei Allergie Bayer Markenshop Hexal Markenshop ratiopharm Markenshop Bonbons, Traubenzucker Avene Pflegewelt Fette/Dermasel Wellneswelten Lierac Pflegewelt Roche Posay Pflegewelt Vichy Pflegewelt Allergie Auge, Ohr und Mund Bachblüten Beruhigung und Stimmungsaufhellung Blase, Niere & Urogenitaltrakt Diabetiker Empfängnisverhütung Erkältungskrankheiten Gewichtskontrolle Haut, Haare und Nägel Herz, Kreislauf und Venen Homöopathie Kinderprodukte Kinderwunsch Körper und Wellness Magen und Darm & Leber und Galle Nahrungsergänzung , Vitamine & Co Plagegeister Raucherentwöhnung Rund um den Fuß Schmerzen Schüßler-Salze Schwangerschaft / Stillzeit Tees Tierbedarf Wundversorgung und Homecare Zähne und Zahnfleisch Service Kontakt / Rückruf Downloads Fragen / FAQ Informationen AGB Datenschutz Impressum Hinweise zur Entsorgung Infos zu den Bonuspunkten Qualität ist unser Ziel! Wir sind zertifiziert nach DIN ISO 9001:2008 Start Warenkorb Kontakt AGB Datenschutz Impressum Pilzerkrankungen von Haut und Nägeln und im Windelbereich Haut, Haare und Nägel Pilzerkrankungen von Haut und Nägeln und im Windelbereich Filter: Alle Anbieter ALMIRALL HERMAL GmbH Bayer Vital GmbH Dr. August Wolff GmbH & Co.KG Arzneimittel Engelhard Arzneimittel GmbH & Co.KG Galderma Laboratorium GmbH HEXAL AG MEDA Pharma GmbH & Co.KG NOVARTIS Consumer Health GmbH PIERRE FABRE DERMO KOSMETIK GmbH Riemser Arzneimittel AG STADA GmbH Sanofi-Aventis Deutschland GmbH TAURUS PHARMA/Wertapharm GmbH ratiopharm GmbH Sortieren: Preis Name Hersteller Beliebtheit Zurück 1 2 3 4 5 Vorwärts Multilind Heilsalbe M.nystatin Lieferfrist lieferbar innerhalb 1-3 Werktagen nicht rezeptpflichtig Anbieter STADA GmbH Artikelnr. 03737422 Einheit 25 g Darreichung Paste UVP 8,00 € Unser Preis * 4,75 € Sie sparen 3,25 €  (40%) Grundpreis 19,00 € pro 100 g * inkl. MwSt. zzgl. Versandkosten Mykoderm Heilsalbe Nystatin U.zinkoxid Lieferfrist lieferbar innerhalb 1-3 Werktagen nicht rezeptpflichtig Anbieter Engelhard Arzneimittel GmbH & Co.KG Artikelnr. 01341387 Einheit 25 g Darreichung Salbe UVP 5,05 € Unser Preis * 3,12 € Sie sparen 1,93 €  (38%) Grundpreis 12,48 € pro 100 g * inkl. MwSt. zzgl. Versandkosten Mykoderm Heilsalbe Nystatin U.zinkoxid Lieferfrist lieferbar innerhalb 1-3 Werktagen nicht rezeptpflichtig Anbieter Engelhard Arzneimittel GmbH & Co.KG Artikelnr. 01541382 Einheit 100 g Darreichung Salbe UVP 16,15 € Unser Preis * 10,91 € Sie sparen 5,24 €  (32%) Grundpreis 10,91 € pro 100 g * inkl. MwSt. zzgl. Versandkosten Mykundex Heilsalbe Lieferfrist lieferbar innerhalb 1-3 Werktagen nicht rezeptpflichtig Anbieter Riemser Arzneimittel AG Artikelnr. 04288682 Einheit 100 g Darreichung Salbe UVP 21,25 € Unser Preis * 17,96 € Sie sparen 3,29 €  (15%) Grundpreis 17,96 € pro 100 g * inkl. MwSt. zzgl. Versandkosten Mykundex Heilsalbe Lieferfrist lieferbar innerhalb 1-3 Werktagen nicht rezeptpflichtig Anbieter Riemser Arzneimittel AG Artikelnr. 02747341 Einheit 50 g Darreichung Salbe UVP 12,92 € Unser Preis * 10,29 € Sie sparen 2,63 €  (20%) Grundpreis 20,58 € pro 100 g * inkl. MwSt. zzgl. Versandkosten Mykundex Heilsalbe Lieferfrist lieferbar innerhalb 1-3 Werktagen nicht rezeptpflichtig Anbieter Riemser Arzneimittel AG Artikelnr. 01074408 Einheit 25 g Darreichung Salbe UVP 7,93 € Unser Preis * 6,31 € Sie sparen 1,62 €  (20%) Grundpreis 25,24 € pro 100 g * inkl. MwSt. zzgl. Versandkosten Mykundex Mono Salbe Lieferfrist lieferbar innerhalb 1-3 Werktagen nicht rezeptpflichtig Anbieter Riemser Arzneimittel AG Artikelnr. 03418757 Einheit 50 g Darreichung Salbe UVP 12,97 € Unser Preis * 10,33 € Sie sparen 2,64 €  (20%) Grundpreis 20,66 € pro 100 g * inkl. MwSt. zzgl. Versandkosten Nagel Batrafen Loesung Lieferfrist lieferbar innerhalb 1-3 Werktagen nicht rezeptpflichtig Anbieter Sanofi-Aventis Deutschland GmbH Artikelnr. 04512263 Einheit 3 g Darreichung Lösung UVP 30,82 € Unser Preis * 19,50 € Sie sparen 11,32 €  (36%) * inkl. MwSt. zzgl. Versandkosten Nagel Batrafen Loesung Lieferfrist lieferbar innerhalb 1-3 Werktagen nicht rezeptpflichtig Anbieter Sanofi-Aventis Deutschland GmbH Artikelnr. 04512286 Einheit 6 g Darreichung Lösung UVP 51,63 € Unser Preis * 33,80 € Sie sparen 17,83 €  (34%) * inkl. MwSt. zzgl. Versandkosten Naloc Loesung Lieferfrist lieferbar innerhalb 1-3 Werktagen nicht rezeptpflichtig Anbieter MEDA Pharma GmbH & Co.KG Artikelnr. 09515384 Einheit 10 ml Darreichung Lösung UVP 29,95 € Unser Preis * 18,48 € Sie sparen 11,47 €  (38%) Grundpreis 184,80 € pro 100 ml * inkl. MwSt. zzgl. Versandkosten Zurück 1 2 3 4 5 Vorwärts Warenkorb Artikel 0 St Wert 0,00 € zum Warenkorb Noch 50,00 € und wir versenden versandkostenfrei. (bei Nachnahme zzgl. 3€ +2€) Anmeldung E-Mailadresse Passwort Anmelden Registrieren Passwort vergessen? Beratungs- und Bestellhotline: 07261 / 9437460 Mo-Fr 8:00 - 18:30 Sa 8:00-13:00 Unser Servicepartner Die angegebenen Preise beinhalten die gesetzlich vorgeschriebene Mehrwertsteuer und verstehen sich zzgl. Versandkosten. In diesem Shop können Sie mit den folgenden Zahlarten bezahlen: Kauf auf Rechnung, Bankeinzug, Vorkasse, Nachnahme, Paypal und per Sofortüberweisung. Es gilt für alle Artikel das gesetzliche Produkthaftungsrecht. www.mimedica.de - Friedrichstr. 16 - 74889 Sinsheim Tel.:07261/9437460 - Fax: 07261/9437461 - mail: service@mimedica.de  Zu Risiken und Nebenwirkungen lesen Sie die Packungsbeilage und fragen Sie Ihren Arzt oder Apotheker. ","title":"Pilzerkrankungen von Haut und Nägeln und im Windelbereich - mimedica","desc":null,"details":{"length":5585,"language":"de","date":"2014/10/31 16:18:37","type":"application/xhtml+xml","country":""},"crawling":{"duration":"1","date":"2014/10/31 16:18:37"},"metas":[],"uri":{"protocol":"http","domain":"de.mimedica.","url":"http://mimedica.de/produkte/sortiment/haut_haare_und_naegel/pilzerkrankungen_von_haut_und_naegeln_und_im_windelbereich?pagerpage=3"}}},{"_index":"de_content_201410","_type":"resourceQ","_id":"http://chaotenecke.de/forum/arcade.php?act=arcade&do=play&gameid=778&s=6304b3da5b60e872debd9b3de69a4bd0","_score":1.0, "_source" : {"body":"   Forum Pages Adventskalender Kontakt Chaotenecke-Home Lexikon Interessensgemeinschaften Eigenes Menü Nutzungsbedingungen Erster Bereich im Menü Link 1 Link 2 Zweiter Bereich im Menü Link 3 Link 4 Link 5   ChaotenEcke - Forum für Menschen mit Herz und Verstand > Spielhalle Luigis Adventure Benutzername Angemeldet bleiben? Kennwort Registrieren Hilfe Benutzerliste Kalender Quiz Spielhalle Alle Foren als gelesen markieren Aktivitätssystem Hinweise Hallo Gast, Du möchtest alles im Forum lesen und nutzen können? Du möchtest in der Spielhalle zocken oder Dich im Chat mit anderen unterhalten sowie Spaß haben? Worauf wartest du dann noch - logge dich einfach ein............... Du bist hier noch gar kein Mitglied, aber möchtest Teil einer chaotischen Gemeinschaft sein? Dann registriere dich bitte Hier Sorry, du brauchst den Flash Player zum spielen Luigis Adventure Luigis Adventure aktueller Highscore: 8.110 astrofan zurück zur Spielhalle Zeige Highscores Das Ziel von Luigis Adventure Don't get killed! Steuerung Arrows and Space key Derzeit sind 2 Spieler in der Spielhalle (Besucher-Rekord liegt bei 11 gleichzeitigen Spielern) Boardmember: 1 | Gäste: 1 | Anonym: 0  astrofan ibProArcade v2.6.7+ Erweiterte vBulletin-Version von MrZeropage deutsche Übersetzung von MrZeropage Original © Chris Kelly 2004 Alle Zeitangaben in WEZ +2. Es ist jetzt 09:26 Uhr. -- Deutsch (Du) -- Deutsch (Sie) -- English (US) Impressum - Kontakt - www.chaotenecke.de - Archiv - Nach oben Powered by vBulletin® Version 3.8.4 (Deutsch) Copyright ©2000 - 2014, Jelsoft Enterprises Ltd. Template-Modifikationen durch TMS ","title":"ChaotenEcke - Forum für Menschen mit Herz und Verstand - Powered by vBulletin","desc":"Ein Forum für Leute mit Grips die gerne Videospiele, Pc-Spiele und Onlinespiele spielen.  Hier kann man in der Spielhalle spielen, sich im Forum austauschen über Spiele, Tipps und Tricks  und über alles was einen bewegt! Auch Nichtspieler kommen hier auf ihre Kosten und können sich im Chat  oder in diversen Threads über alles mögliche austauschen. Quiz, Rätsel, Bücher und sogar Fragen die, d ie Welt nicht braucht sind hier von höchster Bedeutung *grins*   Gehe auf Highscorejagd, werde Spielhallenkönig /in, gestalte deine Profilseite inkl. Bilderalbum  oder gründe eine eigene Interessengemeinschaft um dich mit Gleichgesinnten in einem eigenen Raum auszutauschen.   Also kommt und erweitert unseren chaotischen Haufen um ein paar Gehirnzellen mehr!","details":{"length":1606,"language":"de","date":"2014/10/31 16:18:37","type":"text/html","country":""},"crawling":{"duration":"1","date":"2014/10/31 16:18:37"},"metas":[{"name":"generator","value":"vBulletin 3.8.4"},{"name":"keywords","value":"Smilies, MarioKart, Spielhalle, Zitate, Bilder, Handy, soziale Netzwerke, Enchanted Folk an the School of wizardy,Videospiele,Tipps und Tricks ,EF, Enchanted Folk, Pokemon, Animal Crossing, AC, acww, 3Ds, Wii,WiiU, DS, DSi,Playstation,PC, Spiele, Rätsel, Chaotenecke, Forum, Bücher, kreativ, Mariokart, vbulletin,discussion,bulletin board, Onlinespiele, Manga, Nintendo, Sony, Internet, Familie"},{"name":"description","value":"Ein Forum für Leute mit Grips die gerne Videospiele, Pc-Spiele und Onlinespiele spielen.  Hier kann man in der Spielhalle spielen, sich im Forum austauschen über Spiele, Tipps und Tricks  und über alles was einen bewegt! Auch Nichtspieler kommen hier auf ihre Kosten und können sich im Chat  oder in diversen Threads über alles mögliche austauschen. Quiz, Rätsel, Bücher und sogar Fragen die, d ie Welt nicht braucht sind hier von höchster Bedeutung *grins*   Gehe auf Highscorejagd, werde Spielhallenkönig /in, gestalte deine Profilseite inkl. Bilderalbum  oder gründe eine eigene Interessengemeinschaft um dich mit Gleichgesinnten in einem eigenen Raum auszutauschen.   Also kommt und erweitert unseren chaotischen Haufen um ein paar Gehirnzellen mehr!"},{"name":"og:title","value":"Chaotenecke"},{"name":"og:type","value":"Forum"},{"name":"og:url","value":"http://www.chaotenecke.de/forum/index.php"},{"name":"og:image","value":"http://www.chaotenecke.de/chaotenbanner468x60.gif"},{"name":"og:site_name","value":"Chaotenecke Forum für Menschen mit Herz und Verstand"},{"name":"og:description","value":"Die ChaotenEcke ist für Menschen, die gerne Videospiele, Pc, Onlinespiele usw. spielen, und trotz allem nicht den Bezug zur Realität verloren haben und sich sogar noch über andere Themen unterhalten können"},{"name":"robots","value":"index"}],"uri":{"protocol":"http","domain":"de.chaotenecke.","url":"http://chaotenecke.de/forum/arcade.php?act=arcade&do=play&gameid=778&s=6304b3da5b60e872debd9b3de69a4bd0"}}},{"_index":"de_content_201410","_type":"resourceQ","_id":"http://forum.klacks.de/profile.php?mode=viewprofile&sid=0dd78ddbdd762be5930a80ccc94a1838&u=5","_score":1.0, "_source" : {"body":" Plausch-Platz Unterhalten, Fragen, Tuscheln Suchen Mitgliederliste Benutzergruppen FAQ Profil Einloggen, um private Nachrichten zu lesen Registrieren Login Aktuelles Datum und Uhrzeit: 04.07.2014, 08:26 Plausch-Platz Foren-Übersicht Unbeantwortete Beiträge anzeigen Forenübersicht  »  Profilansicht Profil anzeigen: Dhana Avatar Alles über Dhana Anmeldedatum:  15.11.2006 Beiträge insgesamt:  0 ⇒ 0.00% aller Beiträge ⇒ 0.00 Beiträge pro Tag Alle Beiträge von Dhana anzeigen Wohnort:  Hamburg Website:    Beruf:    Interessen:   Kontakt Dhana E-Mail-Adresse:   Private Nachricht: MSN Messenger: fernweh@hotmail.com Yahoo Messenger: AIM-Name: ICQ-Nummer: Gehe zu:  Forum auswählen   Der Klacks ---------------- Neuigkeiten Anregungen   Leben ---------------- Dies & Das Musik   Computer & Technik ---------------- Apple Basteleien Schaufenster Telekommunikations-Horror   Bürgerradio Beverungen ---------------- BRB Plauderecke   Maus Paderborn ---------------- Maus-Gespräche   Alle Zeiten sind GMT + 1 Stunde   Starten   • • •   Erfahren   • • •   Sehen   • • •  Tratschen   • • •   Melden   • • •   Stöbern   This work is licensed under a Creative Commons Attribution-NonCommercial-ShareAlike 2.5 License. Powered by phpBB © 2001, 2005 phpBB Group • Deutsche Übersetzung von phpBB.de Dank an Stopdesign für ihre tolle Arbeit an Photos. IMPRESSUM incoda 2005 ","title":"Plausch-Platz :: Profil anzeigen","desc":null,"details":{"length":1361,"language":"de","date":"2014/10/31 16:18:37","type":"application/xhtml+xml","country":""},"crawling":{"duration":"1","date":"2014/10/31 16:18:37"},"metas":[{"name":"keywords","value":"Klacks, Klecks, Tinte, Tintenklecks, Wolle, Wollewutsch"}],"uri":{"protocol":"http","domain":"de.klacks.forum.","url":"http://forum.klacks.de/profile.php?mode=viewprofile&sid=0dd78ddbdd762be5930a80ccc94a1838&u=5"}}},{"_index":"de_content_201410","_type":"resourceQ","_id":"http://kaercher-center-frisch.de/kc-de-16/produkte/kaercher/professional/waschsauger/11002250.htm?at=al&pgap=1&pgap=1&pge=all&pgview=grid","_score":1.0, "_source" : {"body":"   Home Produkte Kärcher Professional Waschsauger Puzzi 8/1 C *EU Puzzi 8/1 C *EU Home Produkte Kärcher Home & Garden Professional Branchenlösungen     WOMA Pumpen Geräte und Systeme     Kroll     Kärcher Professional Waschsauger Puzzi 8/1 C Puzzi 8/1 C *EU PUZZI 100 SUPER *EU Puzzi 10/1 *EU Puzzi 10/2 Adv *EU Puzzi 30/4 PUZZI 200 *EU PUZZI 300 S PUZZI 400 PUZZI 400 E Puzzi 400 K PW 30/1 PW 30/1 PW 20 Angebote Förderung BG Bau     Mietpark Kärcher WOMA Kroll     Stellenangebote Über uns Ausstellung Unser Team Philosophie Entwicklung Anfahrt Öffnungszeiten Impressum     Service Leasing Bedienungsanleitungen     Kontakt   Suche Kärcher Center Frisch München Landsberger Straße 328a 80687 München Tel.: 089 / 54 67 300 Fax: 089 / 54 67 30 30 Augsburg / Neusäß Oskar-von-Miller-Straße 1a 86356 Neusäß Tel.: 0821 / 486 94 0 Fax: 0821 / 486 94 40 Productpicture is similar     Mit dem Puzzi 8/1 C bieten wir Ihnen ein leistungsstarkes Sprühextraktionsgerät im Einstiegsbereich. Das Sprühextraktionsgerät kann gezielt für die Polsterreinigung oder für die Fleckentfernung auf Teppichbodenflächen eingesetzt werden. Da nach der Reinigung eine äußerst geringe Restfeuchtigkeit zurückbleibt, können gereinigte Teppiche und Polster schnell wieder genutzt werden. Serienmäßig mit Sprühsaugschlauch und ergonomisch gestalteter Handdüse ausgestattet. Bestellnummer: 1.100-225.0 Angebot anfordern Technische Daten     Max. Flächenleistung (m²/h)   18 Luftmenge (l/s)   61 Vakuum (mbar/kPa)   236 / 23,6 Sprühmenge l/min   1 Sprühdruck/Staudruck (bar)   1 / 2,5 Tank Frisch-/Schmutzwasser (l)   8 / 7 Leistung Turbine (W)   1200 Leistung Pumpe (W)   40 Leistung Bürstenmotor    - Gewicht (kg)   9,8 Abmessungen (L x B x H) (mm)   530 x 330 x 440 Spannung (V)   220 - 240 Frequenz (Hz)   50 - 60 Mehr Informationen Detailinfo Betriebsanleitung Datenblatt Ausstattung Sprühschlauch mit integrierter Wasserzuführung, 2.5 m Integrierte Zubehöraufnahme für Handdüse Netzkabel, 7.5 m Polsterdüse Handtool Kabelhaken     Passendes Zubehör Reinigungsmittel Alternative Produkte (13)   Filter   Ansicht ‎10‎ ‎Alle‎ ‎Ergebnisse pro Seite‎ Seite 1 von 1   Puzzi 8/1 C PUZZI 100 SUPER *EU Puzzi 10/1 *EU Puzzi 10/2 Adv *EU Puzzi 30/4             PUZZI 200 *EU PUZZI 300 S PUZZI 400 PUZZI 400 E Puzzi 400 K             PW 30/1 PW 30/1 PW 20             Seite 1 von 1 Bestellnummer: 1.100-225.0 Puzzi 8/1 C *EU Beschreibung Kraftvolles und kompaktes Sprühextraktionsgerät für kleine Teppichbodenflächenreinigung. Es bietet das beste Rücksaugergebnis von allen vergleichbaren Wettbewerbsgerät. Das Puzzi 8/1 C ermöglicht eine schnelle Wiederbegehbarkeit der textilen Flächen. Das Netzkabel kann am ausklappbaren Kabelhaken positioniert werden. Integrierte Bodendüsenhalterung am Gerät. Ausstattung u. Nutzen Geringes Gewicht Das Puzzi 8/1 C ist mit 9,8 kg leicht zu tragen – und dank der schnellen Trocknung ideal für die Reinigung zwischendurch. Kompakte Bauweise Besonders bei der Reinigung von Polstern und Fahrzeuginnenräumen spielt das Puzzi 8/1 C seine Stärken aus. © 2013 Kärcher Center Frisch Sitemap Impressum Kontakt   ","title":"Puzzi 8/1 C *EU | Kärcher Center Frisch","desc":"Mit dem Puzzi 8/1 C bieten wir Ihnen ein leistungsstarkes Sprühextraktionsgerät im Einstiegsbereich. Das Sprühextraktionsgerät kann gezielt für die Polsterreinigung oder für die Fleckentfernung auf Teppichbodenflächen eingesetzt werden. Da nach der Reinigung eine äußerst geringe Restfeuchtigkeit zurückbleibt, können gereinigte Teppiche und Polster schnell wieder genutzt werden. Serienmäßig mit Sprühsaugschlauch und ergonomisch gestalteter Handdüse ausgestattet.","details":{"length":3106,"language":"de","date":"2014/10/31 16:18:37","type":"text/html","country":""},"crawling":{"duration":"1","date":"2014/10/31 16:18:37"},"metas":[{"name":"description","value":"Mit dem Puzzi 8/1 C bieten wir Ihnen ein leistungsstarkes Sprühextraktionsgerät im Einstiegsbereich. Das Sprühextraktionsgerät kann gezielt für die Polsterreinigung oder für die Fleckentfernung auf Teppichbodenflächen eingesetzt werden. Da nach der Reinigung eine äußerst geringe Restfeuchtigkeit zurückbleibt, können gereinigte Teppiche und Polster schnell wieder genutzt werden. Serienmäßig mit Sprühsaugschlauch und ergonomisch gestalteter Handdüse ausgestattet. "},{"name":"robots","value":"index, follow"},{"name":"generator","value":"Kärcher Center Frisch"},{"name":"google-site-verification","value":"lmoIzoJkiMxMJ6_f87m8t490iWkYVft1fgsRK3-SZrY"},{"name":"keywords","value":"Produkte Kärcher Professional Waschsauger Puzzi 8/1 C *EU  "}],"uri":{"protocol":"http","domain":"de.kaercher-center-frisch.","url":"http://kaercher-center-frisch.de/kc-de-16/produkte/kaercher/professional/waschsauger/11002250.htm?at=al&pgap=1&pgap=1&pge=all&pgview=grid"}}},{"_index":"de_content_201410","_type":"resourceQ","_id":"http://medikompass.de/p_45762_augenarzt_banfe_lasik","_score":1.0, "_source" : {"body":" Für Ärzte | Häufige Fragen | Über MediKompass Beratung und Service: 089/143 30 17-0 Mo. bis Fr. von 09:00 bis 17:00 Uhr (Ortstarif) Login So geht's Der Zahnarzt Preisvergleich Preisvergleich starten Bleaching (Zahnaufhellung) Professionelle Zahnreinigung Zahnpflege-Abo Der Heil- und Kostenplan BEMA GOZ Festzuschuss Eigenanteil Regelversorgung Der Bonus Härtefallregelung Häufige Fragen zum HKP Zahnersatz (ZE) Festsitzender ZE Herausnehmbarer ZE Zahnersatz Materialien Zahnersatz ohne Zuzahlung Festsitzender Zahnersatz Brücken Implantate Inlays Kronen Onlays Veneers Lumineers Herausnehmbarer Zahnersatz Zahnprothesen Günstige Zahnlabore Sparen beim Zahnersatz Bleaching Bleaching-Preisvergleich in Ihrer Region Arztbewertungen Zahnreinigungen (PZR) Airflow Prophylaxe PZR Preisvergleich PZR Arzt-Bewertungen Richtiges Zähneputzen Kieferorthopädie (KFO) Brackets Craniomandibuläre Dysfunktion Invisalign Zahnwissen Entwicklung der Zähne (Odontogenese) Zahnkrankheiten Der Augen-Laser-Preisvergleich Preisvergleich starten LASIK LASEK Andere Augenoperation PRK, LASEK und Epi-LASIK LASIK FLEx-Methode Femto Lasik Intraokular-Linsen Alterssichtigkeit Grauer Star Katarakt Kurzsichtigkeit Weitsichtigkeit Andere Behandlung geplant? Physiotherapie Kinderwunsch Osteopathie Schönheitsbehandlungen Anmelden und sparen Kundenmeinungen Hier bin ich: STARTSEITE > Preisvergleiche > Augenarzt LASIK Banfe Zufällig auf diese Seite gestoßen? Wir ersparen jedem Patienten durchschnittlich ca. 1000€ durch einen Arzt-Preisvergleich Und das geht so: Sie sagen, welche Behandlung Sie wünschen, und die bei uns angemeldeten Ärzte, Zahnärzte und Augenärzte unterbreiten Ihnen Angebote. Die teilnehmenden Ärzte und Zahnärzte stehen im Wettbewerb. Und Sie als Patient profitieren durch Kostenersparnis. Unser Service ist für Patienten unverbindlich und kostenlos. Wir finanzieren uns über ein Nutzungsentgelt der teilnehmenden Ärzte. Jetzt auch kostenlos sparen Erklärungsvideo ansehen Kosten- und Preisvergleich von Schnaejel für LASIK Auf medikompass.de erhalten Sie kostenlos Angebote von top-bewerteten Zahnärzten und Augenärzten für Ihre anstehende Behandlung (Zahnbehandlung oder Augen-Laserbehanldung). Diese sogenannte Preisvergleich läuft anonym unter Benutzernamen. Details zu bietenden Ärzten und Zahnärzten finden Sie, wenn Sie unten in der Angebotsliste auf den Benutzernamen des jeweiligen Arztes klicken. Interessiert? Dann besuchen Sie unsere Startseite. Ursprüngliche Kosten Günstigstes Angebot* Mögliche Erparnis Wo wird/wurde ein (Zahn)-Arzt gesucht? 4.200,00 € 1.890,00 € Die Angebote der bietenden Ärzte und Zahnärzte beziehen sich auf den Gesamtpreis der Behandlung. (Etwaige Festzuschüsse müssen hiervon abgezogen werden, um den sog.  Eigenanteil zu berechnen.) Was nicht in den Kostenschätzungen enthalten ist, sind Begleitleistungen wie z.B. Röntgen oder Anästhesie, da diese Leistungen schwer vorhersehbar sind. In der Regel werden solche Begleitleistungen bei Gesetzlich-Versicherten aber komplett von der Krankenkasse übernommen. 2.310,00 € 57334 Banfe - Umkreis landesweit Eingegangene Angebote Arzt Bewertungen Aktuelles Angebot * Land Labor Angebot vom Gewählter Arzt Insight Herdecke (48) 1.890,00 € -- 04.03.2008 15:15:22 argus2 HH, B, OB, S, M, F (312) 1.900,00 € -- 03.03.2008 13:55:19 Augenlaser Spezialist Heidelberg (159) 1.900,00 € -- 09.03.2008 14:45:45 Prof Doc Frankfurt Frankfurt am Main (83) 2.190,00 € -- 04.03.2008 11:18:59 Behandlungsdetails zur Augenbehandlung   Linkes Auge   Rechtes Auge Welche Augen sollen behandelt werden? ja   ja Wie ist die Fehlsichtigkeit in Dioptrien? - 6,50 dpt.   - 8,50 dpt. Welche Hornhautdicke haben die Augen? ?   ? LASIK günstig dank Preisvergleich Wenn Sie bei der von Ihnen geplanten Behandlung (z.B. LASIK) in Banfe bzw. der Nähe von Banfe viel Geld sparen möchten, dann starten Sie Ihren persönlichen Preisvergleich. Wenn Sie sich weiter über \"LASIK\" informieren möchten oder keine Ahnung haben, was Sie hier eigentlich gerade sehen, dann besuchen Sie am besten unsere Übersichtsseiten: Zahnbehandlungen, Augenlaser-Behandlungen, Oder unsere Home. * Es handelt sich um unverbindliche Kostenschätzungen. Die endgültige Abrechnung kann vom Betrag der Kostenschätzung abweichen. Zwar bemühen sich unsere Ärzte, die Angebote so realistisch wie möglich zu gestalten, aber unvorhergesehene Umstände lassen sich leider nicht ganz ausschließen. Weitere Informationen finden Sie unter: Für Patienten. AGB | Datenschutzerklärung | Impressum Freunden empfehlen | Partner | Online-Preisvergleiche | Presse | Blog | Kontakt | Jobs v: Ihr Browser unterstützt keine iFrames. ","title":"LASIK-Preisvergleich in 57334 Banfe (ID 45762) ","desc":"Preisvergleich eines gesetzlich Versicherten für LASIK in Banfe, plz 57334. Kosten-Ersparnis nach Vergleich: 2310.00 Euro (0=kein Angebot).","details":{"length":4629,"language":"de","date":"2014/10/31 16:18:38","type":"application/xhtml+xml","country":""},"crawling":{"duration":"1","date":"2014/10/31 16:18:38"},"metas":[{"name":"Description","value":"Preisvergleich eines gesetzlich Versicherten für LASIK in Banfe, plz 57334. Kosten-Ersparnis nach Vergleich: 2310.00 Euro (0=kein Angebot)."},{"name":"Keywords","value":"LASIK, Banfe, Augenarzt, Zahnersatz, Inlay, implantate, lasik, augen laser, zahnarzt"},{"name":"verify-v1","value":"XzgJC1DXeARz2BA3MUp98ztQPEdjvi1T0xtimsYNJa4="},{"name":"google-site-verification","value":"xsl_grbCe5NffYaIXl8zJZNz8XnFIk5f0UqPNMYArD4"},{"name":"audience","value":"all"},{"name":"robots","value":"INDEX, FOLLOW"},{"name":"CONTENT-language","value":"DE"},{"name":"msapplication-TileColor","value":"#FFFFFF"},{"name":"msapplication-TileImage","value":"assets/favicons/favicon-144.png?v=14"}],"uri":{"protocol":"http","domain":"de.medikompass.","url":"http://medikompass.de/p_45762_augenarzt_banfe_lasik"}}},{"_index":"de_content_201410","_type":"resourceQ","_id":"http://hlh-biopharma.de/shop/tag/allergien/?sid=28dcdb043769ff27c9ee8d6c793acc13","_score":1.0, "_source" : {"body":" English Deutsch Konto Sie haben Ihr Passwort vergessen? Kein Problem, hier können Sie ein neues Passwort einrichten. Ihre E-Mail-Adresse: Bitte Wert angeben! Bitte geben Sie eine gültige E-Mail-Adresse ein Passwort anfordern Nachdem Sie den 'Passwort anfordern'-Knopf angeklickt haben, schicken wir Ihnen eine E-Mail zu, mit der Sie Ihr Passwort ändern können. Sollten Sie innerhalb der nächsten Minuten KEINE E-Mail mit Ihren Zugangsdaten erhalten, so überprüfen Sie bitte: Haben Sie sich in unserem Shop bereits registriert? Wenn nicht, so tun Sie dies bitte einmalig im Rahmen des Bestellprozesses. Sie können dann selbst ein Passwort festlegen. Sobald Sie registriert sind, können Sie sich in Zukunft mit Ihrer E-Mail-Adresse und Ihrem Passwort einloggen. Wenn Sie sich sicher sind, dass Sie sich in unserem Shop bereits registriert haben, dann überprüfen Sie bitte, ob Sie sich bei der Eingabe Ihrer E-Mail-Adresse evtl. vertippt haben. Sollten Sie trotz korrekter E-Mail-Adresse und bereits bestehender Registrierung weiterhin Probleme mit dem Login haben und auch keine \"Passwort vergessen\"-E-Mail erhalten, so wenden Sie sich bitte per E-Mail an: demo@oxid-esales.com Login Login E-Mail-Adresse Passwort ? Passwort merken Login Registrieren Startseite Darmgesundheit Vitalstoffe Tee-O-thek Naturkosmetik %-Shop Aktion 2 plus 1! Warenkorb Tags zöliakie verstopfung stress silent inflamation reizdarm reise probiotika neurodermitis morbus crohn lactoseintoleranz fructoseintoleranz durchfall darmaufbau darm colitis ulcerosa chronische darmentzüdnungen blähungen b vitamine astma allergien Weiter... Allergien Sortierung: Wählen Name Name Preis Preis Produktdetails Casa Sana MAXIAMIN : Bitte wählen 80 Kapseln 160 Kapseln Aminosäuren zur Behandlung von Atopien, wie Heuschnupfen, Asthma und Neurodermitis. Casa Sana Maxiamin ist als 160 Kapsel- oder 80 Kapsel Packung erhältlich. ab 24,95 € mehr Info Produktdetails Casa Sana OMEGA-3-FETTSÄUREN Siehe Aktion 2+1! Pflanzliche Omega-3-Fettsäuren zur Unterstützung einer cholesterinbewussten Ernährung 19,50 € * Gewicht: 0.065 kg in den Warenkorb * Alle Preise inkl. MwSt., zzgl. Versandkosten. SERVICE Kontakt Warenkorb Konto INFORMATIONEN Impressum AGB Datenschutz Zahlungsarten und Versandkosten Widerrufsrecht Wie bestelle ich? Newsletter KATEGORIEN Darmgesundheit Vitalstoffe Tee-O-thek Naturkosmetik %-Shop Aktion 2 plus 1! HLH Biopharma Online Shop - Alles rund um das Thema Darm & Gesundheit !!! Hinweis zum Datenschutz bei der Nutzung der Facebook Plugins Hier können Informationen zur Übermittlung personenbezogener Daten an Facebook hinterlegt werden. Bei der Nutzung der Facebook Plugins wird eine Verbindung zu Facebook hergestellt, damit Sie Inhalte mit anderen Usern teilen können. Sollten Sie beim Besuch des Online-Shops die Plugins nutzen und gleichzeitig bei Facebook eingeloggt sein, werden personenbezogene Daten automatisch an Facebook übermittelt. Der Umfang der Datenerhebung sowie die weitere Verarbeitung und Nutzung der Daten kann in den Datenschutzhinweisen von Facebook nachgelesen und individuell konfiguriert werden. ","title":"HLH BioPharma | Allergien ","desc":"allergien - Casa Sana MAXIAMIN, Casa Sana OMEGA-3-FETTSÄUREN","details":{"length":3103,"language":"de","date":"2014/10/31 16:18:35","type":"text/html","country":""},"crawling":{"duration":"1","date":"2014/10/31 16:18:35"},"metas":[{"name":"description","value":"allergien - Casa Sana MAXIAMIN, Casa Sana OMEGA-3-FETTSÄUREN"},{"name":"keywords","value":"allergien, eigenschaften, unterstützt, natürliche, 100, %, pflanzlich, wilden, -, casa, sana, maxiamin, omega-3-fettsäuren"},{"name":"og:site_name","value":"http://www.hlh-biopharma.de/shop/"},{"name":"fb:app_id","value":"243940172365030"},{"name":"og:title","value":"HLH BioPharma | Allergien "},{"name":"og:type","value":"website"},{"name":"og:image","value":"http://www.hlh-biopharma.de/shop/out/azure/img/basket.png"},{"name":"og:url","value":"http://www.hlh-biopharma.de/shop/"}],"uri":{"protocol":"http","domain":"de.hlh-biopharma.","url":"http://hlh-biopharma.de/shop/tag/allergien/?sid=28dcdb043769ff27c9ee8d6c793acc13"}}},{"_index":"de_content_201410","_type":"resourceQ","_id":"http://forum.fsr-verkehr.de/memberlist.php?mode=viewprofile&sid=6c532d726d77a834b4c112654e1d65b3&u=2","_score":1.0, "_source" : {"body":" Zum Inhalt Foren-Übersicht Persönlicher Bereich FAQ Registrieren Anmelden Optionen • Auswählen 1 • Auswählen 2 • Auswählen 3 • Auswählen 4 • Auswählen 5 • Zurücksetzen Unbeantwortete Themen Aktive Themen Aktuelle Zeit: Mi 9. Jul 2014, 12:47 Erweiterte Suche Foren-Übersicht Du musst registriert und angemeldet sein, um Profile anzuschauen. Benutzername: Passwort: Ich habe mein Passwort vergessen Mich bei jedem Besuch automatisch anmelden Meinen Online-Status während dieser Sitzung verbergen   Registrieren Du musst in diesem Forum registriert sein, um dich anmelden zu können. Die Registrierung ist in wenigen Augenblicken erledigt und ermöglicht dir, auf weitere Funktionen zuzugreifen. Die Board-Administration kann registrierten Benutzern auch zusätzliche Berechtigungen zuweisen. Beachte bitte unsere Nutzungsbedingungen und die verwandten Regelungen, bevor du dich registrierst. Bitte beachte auch die jeweiligen Forenregeln, wenn du dich in diesem Board bewegst. Nutzungsbedingungen | Datenschutzrichtlinie Registrieren   Foren-Übersicht Impressum Das Team • Zurücksetzen • Alle Cookies des Boards löschen • Alle Zeiten sind UTC + 1 Stunde [ Sommerzeit ] Designed by RocketTheme Powered by phpBB © 2000, 2002, 2005, 2007 phpBB Group Deutsche Übersetzung durch phpBB.de ","title":"forum.fsr-verkehr.de • Anmelden","desc":null,"details":{"length":1279,"language":"de","date":"2014/10/31 16:18:36","type":"application/xhtml+xml","country":""},"crawling":{"duration":"1","date":"2014/10/31 16:18:36"},"metas":[{"name":"resource-type","value":"document"},{"name":"distribution","value":"global"},{"name":"copyright","value":"2000, 2002, 2005, 2007 phpBB Group"},{"name":"keywords","value":""},{"name":"description","value":""}],"uri":{"protocol":"http","domain":"de.fsr-verkehr.forum.","url":"http://forum.fsr-verkehr.de/memberlist.php?mode=viewprofile&sid=6c532d726d77a834b4c112654e1d65b3&u=2"}}},{"_index":"de_content_201410","_type":"resourceQ","_id":"http://bafo.de/appbadmintonsporttv/?ai1ec=action~oneday%7ctime_limit~1404185858%7ccat_ids~33,89,88&page_id=444","_score":1.0, "_source" : {"body":" bsTV4 @ Faszination Badminton (DGbafo) HOME TELEVISION BADMINTON ORGANISATION BUSINESS Badmintonsport Television badmintonTV.de badmintonTV3D.de badmintonTVlive.de   HOME (Television) Infos Badmintonsport Television Verlinken, Einbetten von TELEVISION BUNDESLIGA badmintonTV Kanal 01 Kanal 02 Kanal 03 Kanal 04 Kanal 05 Kanal 06 Kanal 07 Kanal 08 TVprogramm Alle Termine Berichterstattungen Live – Berichterstattung TVlive TV3D TVcinema TVbayern EM RLT MM LIGEN Mia san mia Interviews Athleten Management Trainer Newsletter Round about Badminton Quelle: YouTube Special Olympics D Para-Badminton SoliBad GoBadminton     Programm (Kalender für alle Events) Wähle über “Categories” deine Events! Day Agenda Day Month Week Categories Berichterstattung Live-Berichterstattung 1. Bundesliga 2. Bundesliga Event BBV Event DBV Event INT 9. Juli 2014 9 Mi All-day 00:00 01:00 02:00 03:00 04:00 05:00 06:00 07:00 08:00 09:00 10:00 11:00 12:00 13:00 14:00 15:00 16:00 17:00 18:00 19:00 20:00 21:00 22:00 23:00 Now: 12:47   unsere BUNDESLIGA page   NEWSLETTER Newsletter Anmeldung       BBV   Werden Sie Business Partner   Feedback Danke für Dein Feedback       badzine.de Max Schwenger und Carla Nelte gewinnen Canada Open 6. Juli 2014 Lee Chong Weis WM-Start in Gefahr 5. Juli 2014 Bitburger Open: Satte Rabatte für Frühbucher 5. Juli 2014 Olympische Jugendspiele: Max im Glück bei der Mixedlotterie? 5. Juli 2014 Refrath verpflichtet Jenny Wallwork 3. Juli 2014 VisitsStart: 01.01.2013 Visits today: 37 Visits total: 29333 Visits online: 2 badminton.de (DBV) Grand-Prix Gold: Die US-Open beginnen mit den Hauptrunden 8. Juli 2014 Beim Talbot-torro Rätsel Juni von badminton.de sind die Sieger ermittelt 8. Juli 2014 Die Ausschreibung für das DBV-Ranglistenturnier O19 in Groß-Zimmern ist online 8. Juli 2014 Die Ausschreibung für das DBV-Ranglistenturnier O19 in Groß-Zimmern ist online 8. Juli 2014 2. Bundesliga Nord: Pressemitteilung von Berlin online - Unter neuer Führung 8. Juli 2014 Hinweise zur Page Fördergemeinschaft “bafo”, wir über uns Impressum Datenschutz Rechtliche Hinweise Badminton Bayern (BBV) Veröffentlichung Bayernsport Ausgabe 29 / 2014 8. Juli 2014 Olympische Jugendspiele vom 16. - 28. August 2014 in Nanjing/China 7. Juli 2014 Jugendfreigaben für die Saison 2014/15 7. Juli 2014 Bezirkstrainerfortbildung \"Aktiver Trainer mit Athleten\" startete in Mittelfranken 6. Juli 2014 BadmintonTV - Newsletter vom 02.07.2014 5. Juli 2014 Meta Anmelden Beitrags-Feed ( RSS) Kommentare als RSS WordPress.org Special-Links SoliBad (help children) Special Olympics Deutschland Badminton-Links Badminton Swiss Open Bayerischer Badminton-Verband Bitburger Badminton Open BWF-Badminton World Federation Deutscher Badminton-Verband Österreichischer Badminton Verband Schweizer Badminton Verband WB-World-Badminton YONEX German Open   WPZOOM Copyright © 2014 TELEVISION. All Rights Reserved. ","title":"  Programm (Kalender für alle Events)","desc":"Wähle über \"Categories\" deine Events!","details":{"length":2892,"language":"de","date":"2014/10/31 16:18:36","type":"application/xhtml+xml","country":""},"crawling":{"duration":"1","date":"2014/10/31 16:18:36"},"metas":[{"name":"viewport","value":"width=device-width, initial-scale=1.0"},{"name":"description","value":"Wähle über \"Categories\" deine Events!"},{"name":"robots","value":"index, follow"},{"name":"generator","value":"WordPress 3.9.1"},{"name":"generator","value":"Videozoom 3.1.6"},{"name":"generator","value":"WPZOOM Framework 1.4.1"}],"uri":{"protocol":"http","domain":"de.bafo.","url":"http://bafo.de/appbadmintonsporttv/?ai1ec=action~oneday%7ctime_limit~1404185858%7ccat_ids~33,89,88&page_id=444"}}},{"_index":"de_content_201410","_type":"resourceQ","_id":"http://lkwtradex.de/lkws/pacton.htm?page=5","_score":1.0, "_source" : {"body":" Startseite Infos für Käufer Infos für Verkäufer Login Kontakt LKWs Andere Fahrzeuge LKW Ersatzteile PKW LKW-Neufahrzeuge Mehr... PKWs Spezialfahrzeuge Rettungsfahrzeuge Volvo Daf Man Mercedes Benz Scania Renault Iveco Freightliner International Krone SUCHE IN ALLEN SPARTEN  Fördertechnik Landmaschinen Motoren & Generatoren Informationstechnik Verschiedenes Luft Medizinische Geräte Schiffahrt Baumaschinen   LKW » Lkws » Pacton   bis zu » Pacton Jetzt inserieren Pacton Geschlossene Kofferanhänger Pacton Sattelauflieger Pacton Schiebeplanen-anhänger Pacton Sattel-container-anhänger Pacton Tieflader Pacton Kühlanhänger Pacton Geschlossener Koffer-lkw Pacton Anhänger Pacton Lkw Kipper Pacton Schiebeplanen Tausenden vorhandener hier [x] im Angebot Mieten Händler Angebot anfragen Ergebnisse eingrenzen Kategorie: Pacton Geschlossene Kofferanhänger (46) Pacton Sattelauflieger (30) Pacton Schiebeplanen-anhänger (21) Pacton Sattel-container-anhänger (19) Pacton Tieflader (10) Mehr... Hersteller: »Pacton (146) Gewicht: 15.999-16.001 kg (8) Land: Die Niederlande (112) Vereinigtes Königreich (23) Dänemark (5) Schweden (3) Belgien (2) Modell: Pacton 2530 D-S (40) Pacton 1520 DS (8) Pacton CONTAINER CHASSIS 3-AS (5) Pacton 2126 C-2 (1) Pacton 3139 C 4 (1) Mehr... Preis: €1.500-€5.000 (34) €5.000-€6.000 (10) €6.000-€8.000 (23) €8.000-€15.000 (24) €15.000-€85.000 (2) Jahr: 1965-1984 (10) 1984-1992 (66) 1992-2000 (33) 2000-2008 (41) 2008-2013 (4) Suchkriterium hinzufügen: Land  Land Modell  Modell Preis  Preis Jahr  Jahr Gewicht  Gewicht Hersteller Land Modell Kategorie    «Zurück   5   6 In Ortsnähe anzeigen:   Pacton 2530ds Details ansehen und kontaktieren » Preis: - Jahr: 1989 Verkäufer: Van Vliet Trucks Parallelweg Zuid 215 , Nieuwerkerk A/d Ijssel DIE NIEDERLANDE Pacton T3-001 Details ansehen und kontaktieren » Preis: €7.500 Jahr: 2000 Verkäufer: Van Vliet Trucks Parallelweg Zuid 215 , Nieuwerkerk A/d Ijssel DIE NIEDERLANDE Pacton Container Chassis 3-as Details ansehen und kontaktieren » Preis: €6.750 Jahr: 2004 Verkäufer: CRM Nederland B.V. Berkelseweg 15 , Zoetermeer DIE NIEDERLANDE Pacton Hardholz Boden T3-001 Details ansehen und kontaktieren » Preis: €6.900 Jahr: 2008 Verkäufer: Bas Trucks Mac Arthurweg 2 , Veghel 5466 Ap DIE NIEDERLANDE Pacton 1520 Ds Details ansehen und kontaktieren » Preis: €12.500 Jahr: 1992 Verkäufer: Van Vliet Trucks Parallelweg Zuid 215 , Nieuwerkerk A/d Ijssel DIE NIEDERLANDE Pacton Schuifzeil Met Borden 3-as Details ansehen und kontaktieren » Preis: €6.250 Jahr: 2004 Verkäufer: CRM Nederland B.V. Berkelseweg 15 , Zoetermeer DIE NIEDERLANDE Pacton 3 Axle Flat Trailer Details ansehen und kontaktieren » Preis: €3.750 Jahr: 1987 Verkäufer: Van Schaften Trucks Polderweg 74 , Schiedam DIE NIEDERLANDE Pacton 2530 Ds Details ansehen und kontaktieren » Preis: - Jahr: 1988 Verkäufer: Van Vliet Trucks Parallelweg Zuid 215 , Nieuwerkerk A/d Ijssel DIE NIEDERLANDE Pacton Container Chassis 3-as Details ansehen und kontaktieren » Preis: €3.750 Jahr: 1998 Verkäufer: CRM Nederland B.V. Berkelseweg 15 , Zoetermeer DIE NIEDERLANDE Pacton 20 Ft Tank Details ansehen und kontaktieren » Preis: €4.500 Jahr: 1986 Verkäufer: Kleyn Trucks Industrieweg 2 , Vuren VEREINIGTES KÖNIGREICH Pacton Kennis 16tm Crane Alu Boards Details ansehen und kontaktieren » Preis: €9.850 Jahr: 1994 Verkäufer: Kleyn Trucks Industrieweg 2 , Vuren VEREINIGTES KÖNIGREICH Pacton Koelvries 3-as Details ansehen und kontaktieren » Preis: €5.750 Jahr: 1992 Verkäufer: CRM Nederland B.V. Berkelseweg 15 , Zoetermeer DIE NIEDERLANDE Pacton 2530ds Details ansehen und kontaktieren » Preis: - Jahr: 1989 Verkäufer: Van Vliet Trucks Parallelweg Zuid 215 , Nieuwerkerk A/d Ijssel DIE NIEDERLANDE Pacton Schuifzeil Met Borden 3-as Details ansehen und kontaktieren » Preis: €6.250 Jahr: 2004 Verkäufer: CRM Nederland B.V. Berkelseweg 15 , Zoetermeer DIE NIEDERLANDE Pacton 1520 Ds Details ansehen und kontaktieren » Preis: €12.500 Jahr: 1992 Verkäufer: Van Vliet Trucks Parallelweg Zuid 215 , Nieuwerkerk A/d Ijssel DIE NIEDERLANDE Pacton Chem 30.000 Ltr 3 Compartments Details ansehen und kontaktieren » Preis: €14.350 Jahr: 1981 Verkäufer: Kleyn Trucks Industrieweg 2 , Vuren VEREINIGTES KÖNIGREICH Pacton 2530ds Details ansehen und kontaktieren » Preis: - Jahr: 1989 Verkäufer: Van Vliet Trucks Parallelweg Zuid 215 , Nieuwerkerk A/d Ijssel DIE NIEDERLANDE Pacton 2530ds Details ansehen und kontaktieren » Preis: - Jahr: 1988 Verkäufer: Van Vliet Trucks Parallelweg Zuid 215 , Nieuwerkerk A/d Ijssel DIE NIEDERLANDE Pacton All Connections Middle And Rear Exte Details ansehen und kontaktieren » Preis: €11.350 Jahr: 2007 Verkäufer: Kleyn Trucks Industrieweg 2 , Vuren VEREINIGTES KÖNIGREICH Pacton Schuifzeil Met Borden 3-as Details ansehen und kontaktieren » Preis: €6.250 Jahr: 2004 Verkäufer: CRM Nederland B.V. Berkelseweg 15 , Zoetermeer DIE NIEDERLANDE Pacton Schuifzeil 3-as Details ansehen und kontaktieren » Preis: €4.900 Jahr: 2000 Verkäufer: CRM Nederland B.V. Berkelseweg 15 , Zoetermeer DIE NIEDERLANDE Pacton T3-010 Multi X-press Suspension Details ansehen und kontaktieren » Preis: €13.900 Jahr: 2010 Verkäufer: Kleyn Trucks Industrieweg 2 , Vuren VEREINIGTES KÖNIGREICH Pacton 1520 Ds Details ansehen und kontaktieren » Preis: €12.500 Jahr: 1992 Verkäufer: Van Vliet Trucks Parallelweg Zuid 215 , Nieuwerkerk A/d Ijssel DIE NIEDERLANDE Pacton 2530ds Details ansehen und kontaktieren » Preis: - Jahr: 1987 Verkäufer: Van Vliet Trucks Parallelweg Zuid 215 , Nieuwerkerk A/d Ijssel DIE NIEDERLANDE Pacton 2530ds Details ansehen und kontaktieren » Preis: - Jahr: 1989 Verkäufer: Van Vliet Trucks Parallelweg Zuid 215 , Nieuwerkerk A/d Ijssel DIE NIEDERLANDE    «Zurück   5   6 Verkaufsanzeige schalten Anfragen einreichen Tophändler      Leistungen Treuhandvertrag Geldwechsel Bewertung Transport / Lieferung Tipps zum sicheren Kauf Startseite Über Uns Pressemitteilungen Allgemeine Geschäftsbedingungen Datenschutzrichtlinie Seitenverzeichnis Kontakt © copyright 2011—All rights reserved. ","title":"Seite 5  Pacton Lkws | LkwTradex Deutschland","desc":null,"details":{"length":6021,"language":"de","date":"2014/10/31 16:18:35","type":"application/xhtml+xml","country":""},"crawling":{"duration":"1","date":"2014/10/31 16:18:35"},"metas":[{"name":"description","value":""},{"name":"keywords","value":"Seite 5  Pacton Lkws"},{"name":"copyright","value":"www.lkwtradex.de"},{"name":"identifier-url","value":"http://www.lkwtradex.de"},{"name":"robots","value":"index,follow"}],"uri":{"protocol":"http","domain":"de.lkwtradex.","url":"http://lkwtradex.de/lkws/pacton.htm?page=5"}}},{"_index":"de_content_201410","_type":"resourceQ","_id":"http://niedermeiser.de/index.php?id=1&nav=view_profile&sid=9fa515efdbce3d1c76f8e8369ac50ac9&site=board/index","_score":1.0, "_source" : {"body":" Kleinanzeigen Zimmernachweis Veranstaltungen Werbung Impressum   Home Branchen Vereine Marktplatz Galerien Links News FAQ / Hilfe Suche Anzeigenmärkte - Kleinanzeigen - Kontaktanzeigen - Stellenanzeigen - Immobilienmarkt - Automobilmarkt Aus der Region - Regionale Infos - Berichte / Reports - Newsarchiv - Veranstaltungen Verzeichnisse - Ärztesuche A-Z - Freizeit A-Z - Gastronomie A-Z - Vereine A-Z - Wirtschaft A-Z - Zimmernachweis Interaktiv - Adressbuch - Bildergalerie - Online Coupons - Downloads - Links / Surfguide - Forum / Board - Gästebuch Service & Info - Portalsuche - Ihre Werbung - FAQ / Hilfe - Kontakt Partner Seiten Kostenlose Counter Gratis Besucherzähler mit grafischer Auswertung! www.123-counter.de VServer Provider Sie sind auf der Such nach einem günstigen Anbieter für \"VServer\" vserver-provider.de Baufinanzierung Einfach | Günstig | Finanzieren 123-baufinanzierung.de Statistik Besucher gesamt: 36498 Letzte Woche: 379 Diese Woche: 112 Besucher Heute: 24 Gerade Online: 1 Werben Sie auf www.niedermeiser.de ! Ihre IP: 37.16.72.208   Gratis Newsletter Hier nichts eintragen!   Portal Forum | Log In | | Registrieren | | Administration | | Suche | Portal Forum -> Profil [ Admin ] Profil Name: Admin Website: E-Mail: Wohnort: ICQ Messenger: AIM Messenger: MSN Messenger: Yahoo Messenger: Jabber Messenger: Portal Forum -> Profil [ Admin ] Unsere Benutzer haben 1 Einträge verfasst in 1 Kategorien und 1 Themen. Wir haben 67 Benutzer. [ easyins bulletin board v1.0.1.1 © 2004 by MM AG ]   Werbung  Startseite wählen Favoriten hinzufügen Kontakt Banner Seite empfehlen Impressum AGBs Datenschutzerklärung Red. Letzte Aktualisierung: Mittwoch, 09. Juli 2014 ","title":"+www.niedermeiser.de - Stadtportal - 34396 Liebenau - Regionalportal - Branchenverzeichnis - Zimmerverzeichnis - Anzeigemärkte ","desc":"Auf unserem Stadtportal finden ein kostenloses Ärzte- und Branchenverzeichnis, Zimmernachweis, Autoanzeigen, Immobilienanzeigen, Kleinanzeigen, Veranstaltungskalender und vieles mehr!","details":{"length":1682,"language":"de","date":"2014/10/31 16:18:37","type":"text/html","country":""},"crawling":{"duration":"1","date":"2014/10/31 16:18:37"},"metas":[{"name":"author","value":"Antonio Mateo"},{"name":"publisher","value":"Antonio Mateo"},{"name":"copyright","value":"www.easyins.de / Antonio Mateo"},{"name":"revisit","value":"after 3 days"},{"name":"keywords","value":"34396 Liebenau,Stadtportal,Regionalportal,Ärzteverzeichnis,Branchenverzeichnis,Zimmernachweis,Gastgeberverzeichnis,Autoanzeigen,Immobilienanzeigen,Kleinanzeigen,Flohmarkt,VeranstaltungskalenderNewsletter,Forum,Gästebuch,Ärzte,Handwerk,Dienstleitungen,Hotel,Hotels,Pension,Pensionen,Gästezimmer,Bauernhof,Appartements,Urlaub,Ferien,Gewerbe,kostenlos,Software,downloads,Portal,Suchmaschinen Eintragsservice,besser gefunden werden,Webmarketing,Internetmarketing,Bannerwerbung,promotion,Werbung,Internetseite,Internetseiten,Webseiten,Eintragsdienst,Eintragsservice,submit,automatisch,internet,easyIns"},{"name":"description","value":"Auf unserem Stadtportal finden ein kostenloses Ärzte- und Branchenverzeichnis, Zimmernachweis, Autoanzeigen, Immobilienanzeigen, Kleinanzeigen, Veranstaltungskalender und vieles mehr!"},{"name":"page-topic","value":"internet"},{"name":"audience","value":"alle"},{"name":"robots","value":"index,follow"},{"name":"language","value":"deutsch"},{"name":"generator","value":"www.easyIns.de"}],"uri":{"protocol":"http","domain":"de.niedermeiser.","url":"http://niedermeiser.de/index.php?id=1&nav=view_profile&sid=9fa515efdbce3d1c76f8e8369ac50ac9&site=board/index"}}},{"_index":"de_content_201410","_type":"resourceQ","_id":"http://kurbelix.de/fahrradteile/vorbauten-steuersaetze/steuersaetze/ahead-integriert?cat=165117&keywords=campagnolo&showsearchresults=false","_score":1.0, "_source" : {"body":" Suche: Startseite Fahrradteile Fahrradbeleuchtung Fahrradreifen Laufräder Zahnkränze Zubehör Kontakt Impressum Sie befinden sich hier: Fahrradteile  >  Gabeln und Steuersätze  >  Steuersätze  >  AHEAD integriert Produkte Fahrradteile Reifen & Schläuche Laufräder Fahrradbeleuchtung Fahrradketten Zahnkranz / Kassette Kurbeln / Kettenblätter Pedale Tretlager Innenlager Naben und Zubehör Bremsen Schaltwerke / Umwerfer Schalthebel / Drehgriffe Griffe & Lenkerband Lenker & BarEnds Vorbauten Sättel Sattelstützen Gepäckträger Gabeln und Steuersätze Federgabel Trekking Federgabeln MTB Starre MTB/CROSS Gabeln Rennrad & Triathlon Gabeln Steuersätze AHEAD Standard AHEAD integriert Schraubbare Steuersätze Reduziersteuersätze Gabel Ersatzteile Felgen und Speichen Dämpfer MTB Züge Fahrradzubehör Falträder Fahrradbekleidung Einräder / Laufräder SALE % Markenshops Newsletter Anmeldung:   Ihre E-Mail Adresse Produkte sortieren Hersteller: Alle Marken CAMPAGNOLO Sortierung: beliebteste Produkte Preis aufsteigend Preis absteigend Produktbezeichnung A-Z Produktbezeichnung Z-A Marke aufsteigend Marke absteigend Ergebnisse: AHEAD integriert (2) Ihr Suchbegriff wurde auch in folgenden Kategorien gefunden: Kurbelgarnitur 2-fach (152) Kettenblätter Rennrad (61) Rennrad Umwerfer (23) Felgenbremsen & V-Brake (14) Innenlager Zubehör (10) Rennrad Laufradsatz (10) Rennrad Schaltwerke (10) Kurbel und Tretlager (8) Schalt- / Bremshebel Rennrad (8) Bremshebel - Paare (6) Für Felgenbremsen (6) Ketten 10 / 11-fach (6) Suche erweitern: Kurbelgarnitur 1-fach(6) Innenlager Vierkant(5) Kassetten 10-fach Zahnkranz(5) Zubehör Zahnkranz / Kassetten(5) Kette und Zahnkranz(4) Naben Zubehör(4) Schaltzüge(4) Vorderrad Naben(4) Hinterrad Naben(3) Kassetten 11-fach Zahnkranz(3) Pedalplatten und Ersatzteile(3) Zubehör & Schaltungsteile(3) Carbonsattelstützen(2) Gabel und Steuersatz(2) AHEAD Standard(1) Bremsenzubehör(1) Bremszüge(1) Ersatzteile für Schalthebel(1) Ersatzteile für Sättel(1) Hinterrad für Kettenschaltung(1) Kassetten 8-fach Zahnkranz(1) Kassetten 9-fach Zahnkranz(1) Ketten 9-fach(1) Ketten Verschlußglieder(1) Laufräder und Reifen(1) MTB / Trekking Schaltwerke(1) Rennrad Klick Pedale(1) Schalthebel für MTB / Trekking(1) Schraubbare Steuersätze(1) Werkzeugkoffer und Sets(1) Zangen und Schneidwerkzeuge(1) Campagnolo / Ahead Steuersatz / Record Hiddenset / 1 1/8 Zoll - 22% 63.00 € Fahrradshop CAMPAGNOLO Campagnolo / Ahead Steuersatz / Record Hiddenset TTC / 1 1/8 Zoll - 21% 81.00 € Fahrradshop CAMPAGNOLO Seite drucken zum Seitenanfang Warenkorb Passwort vergessen? Konto erstellen Ihr Warenkorb Insgesamt 0 Artikel Datenschutzerklärung Versandkosten & Lieferung Widerrufsbelehrung F.A.Q. - Fragen und Antworten Service Zahlungsweisen AGB Rahmenhöhenrechner Bestellung Jobs Produktkataloge Händlerverzeichnis News Kontakt Impressum Farben, Ausstattungen und technische Spezifikationen entsprechen den Angaben des Herstellers. Bitte beachten Sie, dass die Farbwiedergabe Ihres Monitors erheblich von der tatsächlichen Produktfarbe abweichen kann. Die Produktabbildungen stimmen nicht im Detail mit Ihrer gewählten Ausstattung überein. Irrtümer vorbehalten Alle Preise inkl. 19% Umsatzsteuer , zzgl. Versandkosten Parse Time: 1.055s ","title":"AHEAD integriert CAMPAGNOLO  im Onlineshop auf kurbelix.com","desc":"Fahrradshop -  CAMPAGNOLO AHEAD integriert. Ihr TrustedShop für Fahrradteile und AHEAD integriert.","details":{"length":3237,"language":"de","date":"2014/10/31 16:18:38","type":"text/html","country":""},"crawling":{"duration":"1","date":"2014/10/31 16:18:38"},"metas":[{"name":"robots","value":"index,follow"},{"name":"language","value":"de"},{"name":"author","value":"kurbelix.com - Fahrradteile und Fahrräder MTB"},{"name":"publisher","value":"kurbelix.com"},{"name":"company","value":"Kurbelix GmbH ,Wiesenstr. 5 , 29331 Lachendorf , Tel. 05145-7969999"},{"name":"page-topic","value":"Mountainbikes Full Suspension und MTB Hardtail Fahrradshop für Trekkingräder und Fahrradteile"},{"name":"reply-to","value":""},{"name":"distribution","value":"global"},{"name":"revisit-after","value":"2"},{"name":"description","value":"Fahrradshop -  CAMPAGNOLO AHEAD integriert. Ihr TrustedShop für Fahrradteile und AHEAD integriert. "},{"name":"keywords","value":"  CAMPAGNOLO  fahrradteile shop,fahrradladen,fahrradshop,fahrräder online bestellen,mountainbike kaufen,fahrrad ersatzteile shimano"}],"uri":{"protocol":"http","domain":"de.kurbelix.","url":"http://kurbelix.de/fahrradteile/vorbauten-steuersaetze/steuersaetze/ahead-integriert?cat=165117&keywords=campagnolo&showsearchresults=false"}}},{"_index":"de_content_201410","_type":"resourceQ","_id":"https://kofferfunshop.de/fr/systainer/maxi-systainer-classic/maxi-systainer-rembourrages/calage-mousse-legere-30-mm-pour-fond-maxi-systainer.html","_score":1.0, "_source" : {"body":" Le magasin spécial pour valises à Bonn tel +49 (0) 228 620 918 25 fax +49 (0) 228 422 3 961 Hotline : Lundi au Vendredi 09.00-16.30h (CET) Des questions? Florence Potier vous conseille, appelez-nous! Lundi 30 juin 2014 Livraison |  Critiques |  Conditions générales |  Recherche par dimensions et caractéristiques |  Magasin |  Aide (FAQ) |  RSS-Reader |  Qui sommes-nous? |  Nous contacter Vous trouvez ici.. Catalogue  Promotions  Quoi de neuf?  Recherche par dimensions et caractéristiques  Critiques Livraison Conditions générales Nous contacter Qui sommes-nous? Magasin Aide (FAQ) RSS-Reader   S'identifier |  Panier |  Commander     Vous êtes ici dans: Catalogue » Systainer » Maxi-Systainer CLASSIC » Maxi-Systainer rembourrages » Calage mousse légère 30 mm pour fond Maxi-Systainer Langues Fabricants Sélectionnez... ALUTEC CFS Chicago Case Dörr Foto GT-Line Hepco&Becker Parat Peli Rimowa SKB Tanos ZARGES Catégories Attachés & valises pilotes (20) Coffrets téléphones portables (7) Explorer Cases (55) Flight Cases (19) Hardigg Cases (14) Mallettes appareillage de mesure (6) Mallettes de démonstration (12) Mallettes Laptop (29) Mallettes outillage (4) Mallettes outils (159) Mallettes pour appareillages (7) Mallettes pour armes (13) Mallettes pour produits Apple (19) Mousses (49) Peli Cases (284) Rack Cases (61) Rimowa Sacoches à outils (42) Storm Cases (144) Systainer (296)    Systainer T-Loc (84)    Mini-Systainer T-Loc (14)    Midi-Systainer T-Loc (7)    Maxi-Systainer CLASSIC (15)      Maxi-Systainer (3)      Maxi-Systainer Apports (4)      Maxi-Systainer rembourrages (5)      Accessoires Maxi-Systainer (3)    Systainer en couleurs T-Loc (67)    Systainer-Sets T-Loc (31)    Systainer à tiroirs CLASSIC (15)    Rack-Systainer CLASSIC (5)    Pièces de rechange CLASSIC (7)    Pièces de rechange T-Loc (3)    Promotions T-LOC (19)    Coffre sécurité pour Systainer (3)    Tanos-mobil (26) Valises de transport (13) Valises de Voyage (7) Valises empilables (8) Valises en aluminium (96) Valises photo & vidéo (52) Valises pour écran plasma (2) Zarges (93) Accessoires (60) Catalogues (6) Recherche par dimensions Cherchez votre valise aux dimensions de votre choix. Chercher dans cette catégorie  Toutes les catégories Attachés & valises pilotes   Attachés-cases   Valises de pilote Coffrets téléphones portables Explorer Cases   Accessoires   Explorer Cases 01-03   Explorer Cases 04-05   Explorer Cases 06-10   Explorer Cases 11-13 Flight Cases Hardigg Cases Mallettes appareillage de mesure Mallettes de démonstration Mallettes Laptop   Attachés-cases   Parat   Peli   Systainers   Valises de pilote Mallettes outillage Mallettes outils   CFS   Chicago Cases   GT Line     Atomik     Bomber     Composit     Megawheel     Rock     Turtle     Waterproof   Hepco&Becker   Parat     Cargo     Classic     Evolution     Parapro     Paratool     Silver     Accessoires   Peli   Tanos   Zarges   Apte transport aérien   Trolley Mallettes pour appareillages Mallettes pour armes Mallettes pour produits Apple Mousses   Garnitures mousse   Mousse alvéolée   Mousse pour fond   Mousse prédécoupée   Revêtements mousse latéraux   Séparateurs Peli Cases   Elite Cooler   Micro Cases   Cases 1100   Cases 1200   Cases 1300   Cases 1400   Cases 1500   Cases 1600   Cases 1700   Cube Cases   Cases 0450   Cases 0500   Sacs à dos   Valises premiers secours (EMS)   Accessoires     Bandoulières     Cadenas & protection     Kit séparateurs     Mousses de rechange     Pochettes couvercles     Poignée et Fermetures     Roulettes & Pieds     Support de platine Rack Cases   Rack Cases 24\"   Standard Rack Cases   Rack Cases Accessoires     Rack Befestigungen     Rack Cases Accessoires     Rack Cooling Systems     Rack Drawers     Rack Lights     Rack Panels     Rack Power Distribution Units     Rack Shelves Rimowa Sacoches à outils   Sacoches à tiroirs   Sacoches cuir vachette   Sacoches imitation cuir   Sacoches-trolley   Accessoires Storm Cases   Valises petites   Valises moyennes   Valises grandes   Valises longues   Valise camera   Storm pour Laptop   Mousses de rechange   Kit séparateurs   Pochettes couvercles   Accessoires Systainer   Systainer T-Loc     Systainer vides     Systainer configurable     Systainer-Emboutis T-Loc     Accessoires T-Loc     Rembourrages Systainer T-Loc     Boîtes à assortiment     Transport   Mini-Systainer T-Loc     Mini-Systainer     Mini-Systainer-Emboutis     Mini-Systainer rembourrages     Accessoires Mini-Systainer   Midi-Systainer T-Loc     Midi-Systainer     Midi-Systainer-Emboutis     Midi-Systainer rembourrages   Maxi-Systainer CLASSIC     Maxi-Systainer     Maxi-Systainer Apports     Maxi-Systainer rembourrages     Accessoires Maxi-Systainer   Systainer en couleurs T-Loc     Systainer en couleur vide     Konfigurierbare Systainer     Systainer-Emboutis T-Loc     Rembourrages Systainer T-Loc     Accessoires T-Loc     Boîtes à assortiment     Transport   Systainer-Sets T-Loc   Systainer à tiroirs CLASSIC     Systainer à tiroirs     Accessoires Schubladen-Systainer   Rack-Systainer CLASSIC     Rack-Systainer     Accessoires Rack-Systainer   Pièces de rechange CLASSIC   Pièces de rechange T-Loc   Promotions T-LOC     Echange Systainer     Promotions   Coffre sécurité pour Systainer   Tanos-mobil     Accessoires Tanos mobil     Barres télescopiques     Rayonnage Profil-L     Rayonnage Profil-U Valises de transport Valises de Voyage Valises empilables Valises en aluminium   Box avec trolley   Conteneurs transport aérien   Valises hobby   Valises professionelles     Valises sans coins empilables     Valises avec coins empilables   Conteneurs ouverts   Conteneurs de bureau   Accessoires Valises photo & vidéo   Mallettes photo     Mallettes garniture mousse     Séparateurs     Mousses et séparateurs   Mallettes pour caméras   Mallettes pieds photo Valises pour écran plasma Zarges   Box pour outillages   Conteneurs avec roues K412   Conteneurs universels K470   Conteneurs universels K470 Plus   Conteneurs Zarges K405   Conteneurs Zarges K420   Euro boxes   Zarges Conteneurs Mobil K415   Zarges-Box   Accessoires     Mousses & Revêtements intérieurs     Roulettes & Trolleys     Séparateurs & Pochettes couvercl     Serrures Accessoires   Cadenas   Mousses   Poignées   Rembourrage   Sangles de transport   Séparateurs   Trolleys Catalogues Longueur mm   Largeur mm   Hauteur mm   Conseil : utilisez la recherche avancée pour affiner votre demande. Webcam Magasin à Bonn-Beuel Cliquez sur l'image pour voir la webcam Qui est online? Actuellement  2 invités  online. Calage mousse légère 30 mm pour fond Maxi-Systainer 9,52 EUR TVA 19% incluse. Article numéro : 104008 Article numéro de fabricant : 80000044 Dimensions: env. 545 x 330 x 30 mm. Poids: env. 0.4 kg. Colori: anthracite. Renseignements sur Calage mousse légère 30 mm pour fond Maxi-Systainer Pour plus d'informations, veuillez visiter cette page web. Lundi au Vendredi 09.00-16.30h (CET) Renseignements par téléphone : +49 (0) 228 620 918 25 Florence Potier vous conseille, appelez-nous! Ce produit sera disponible immédiatement. Le prix de ce produit est soumis à une taxe de 19%. Ce produit a été ajouté à notre catalogue le : mercredi 21 juillet 2004. Dernière modification : mercredi 10 juillet 2013 Accessoires Maxi-Systainer III 91,39 EUR Maxi-Systainer II 85,26 EUR Les clients qui ont acheté ce produit ont aussi acheté Systainer T-Loc II avec casier intégré dans le couvercle Midi-Systainer T-Loc III Systainer T-Loc I avec embouti Vario 2 Mousse pour couvercle pour Midi-Systainer T-Loc Apport de couvercle pour Systainer T-Loc I-V Mousse prédécoupée 30mm pour fond souple Midi-Systainer T-Loc Systainer V T-Loc avec boîtes à assortiment Systainer T-Loc I Panneau couvercle nylon Maxi-Systainer pour matériel bureau Mini-Systainer T-Loc I - 3 compartiments Calage mousse intermédiaire pour Systainer T-Loc I-V Mini-Systainer T-Loc I - 5 compartiments Embouti pour ponceuse pour Systainer T-Loc II Embouti avec casiers de rangement amovibles pour Sys T-Loc I Kit étiquetage pour Systainer T-Loc Panier ... Vide Devises US Dollar Euro British Pound Danish Krone Swedish Krone Polish Zloty Norwegian Krone RSS News & Social Media lundi 02 juin 2014 Peli Elite Cooler - Le frigidaire sans courant Les nouvelles glacières Peli Elite Cooler sont les petites dernières dans notre assortiment. Ces... Lire l'article lundi 12 mai 2014 Derrière les coulisses: comment nous conservons notre équipement photo Comme vous l'avez certainement remarqué, nous prenons une grande partie nos photos nous-mêmes. Aujourd'hui... Lire l'article Toutes les nouveautés.. Abonnez-vous au flux-rss: newsfeed.fr.rss Suivez-nous sur Twitter: kofferfunshopFR Visitez-nous sur Facebook: kofferfunshop Voyez-nous sur youtube: kofferfunshop Donnez votre avis sur Google plus: kofferfunshopFR Promotions Systainer T-Loc V configurable 79,14 EUR 70,70 EUR Quoi de neuf? Systainer T-Loc V configurable 79,14 EUR 70,70 EUR Confidentialité |  Livraison |  Critiques |  Conditions générales |  Recherche par dimensions et caractéristiques |  Magasin |  Aide (FAQ) |  RSS-Reader |  Qui sommes-nous? |  Nous contacter ","title":"Calage mousse légère 30 mm pour fond Maxi-Systainer von Tanos 80000044","desc":"Dimensions: env. 545 x 330 x 30 mm.                   Poids: env. 0.4 kg.                   Colori: anthracite.                 ,Calage mousse légère 30 mm pour fond Maxi-Systainer","details":{"length":9138,"language":"fr","date":"2014/10/31 16:18:38","type":"text/html","country":""},"crawling":{"duration":"1","date":"2014/10/31 16:18:38"},"metas":[{"name":"keywords","value":"Le magasin spécial pour valises à Bonn, Calage mousse légère 30 mm pour fond Maxi-Systainer, 104008, Tanos"},{"name":"description","value":"                   Dimensions: env. 545 x 330 x 30 mm.                   Poids: env. 0.4 kg.                   Colori: anthracite.                 ,Calage mousse légère 30 mm pour fond Maxi-Systainer"}],"uri":{"protocol":"https","domain":"de.kofferfunshop.","url":"https://kofferfunshop.de/fr/systainer/maxi-systainer-classic/maxi-systainer-rembourrages/calage-mousse-legere-30-mm-pour-fond-maxi-systainer.html"}}},{"_index":"de_content_201410","_type":"resourceQ","_id":"http://schabelbecker.de/index.php?cpath=26&oscsid=s3k1j05va87bpnbhf0hk44mio3","_score":1.0, "_source" : {"body":"   Impressum  |  Datenschutz  |  AGB/Widerrufsbelehrung  |  Zahlungsweise/Versand/Lieferung      Startseite » smoveys Ihr Konto  |  Infos zum Bestell-/Kaufvorgang  |  Kontakt    DIE BÜCHER   Kochbücher   LebensKunst Smoveys    smoveys Praxis der KochKunst Verlags-Küche Highlight: Kochen mit Johann Lafer Film: Kochen eine Leidenschaft Nikolaussprüche aus Bremen - kostenloser Download Unser Angebot angezeigte Produkte: 1 bis 1 (von 1 insgesamt) Seiten:   1       Produkte+    Preis      Details: smoveySET      99.90 EUR [inkl. 19 % MwSt., versandkostenfrei]  angezeigte Produkte: 1 bis 1 (von 1 insgesamt) Seiten:   1  Warenkorb 0 Produkte Zum Warenkorb Zur Kasse Der Verlag Verlags-Geschichte Biografie Teamarbeit Informationen für die Presse Downloads Zu den Bremer Stadtmusikanten Konzert der Stadtmusikanten Kostenloser Download des Originalmärchens   Mittwoch, 09. Juli 2014   Impressum  |  Datenschutz |  AGB/Widerrufsbelehrung |  Infos zum Bestell-/Kaufvorgang  |  Kontakt   210258   Copyright © 2014 – Christiane Schabel-Becker · Verlag ","title":"Christiane Schabel-Becker · VerlagCSS-Flyout-MenüCSS-Flyout-MenüCSS-Flyout-MenüBremer Stadtmusikanten Konzert","desc":null,"details":{"length":1048,"language":"de","date":"2014/10/31 16:18:38","type":"text/html","country":""},"crawling":{"duration":"1","date":"2014/10/31 16:18:38"},"metas":[{"name":"keywords","value":"erfolgreich wünschen, pierre franckh, erfolg, glück, kraft, inspiration, leben, coaching, workshops, vortrag, lifelights, bremen, wunsch power, wunsch-power, quelle unerschöplicher lebensenergie, bremer stadtmusikanten, stadtmusikant, stadtmusikanten, bremer stadtmusikanten ratgeber, ratgeber, hunsrück, hunsrücker küche, hunsrücker rezepte, inspiration, kreativität, rezepte aus dem hunsrück, schinderhannes, schinderhannes kochbuch"}],"uri":{"protocol":"http","domain":"de.schabelbecker.","url":"http://schabelbecker.de/index.php?cpath=26&oscsid=s3k1j05va87bpnbhf0hk44mio3"}}},{"_index":"de_content_201410","_type":"resourceQ","_id":"http://theassassins.de/index.php?form=search&s=7e134d7857221327c8bf201700ea8544917614b3","_score":1.0, "_source" : {"body":" Sie sind nicht angemeldet. Anmelden Registrieren Ungelesene Beiträge Unbeantwortete Themen Themen der letzten 24 Stunden The Assassins - Finest Online Gaming Community Portal Kalender Forum Mitglieder Chat Karte Galerie Snake The Assassins - Finest Online Gaming Community » Suche Lieber Besucher, herzlich willkommen bei: The Assassins - Finest Online Gaming Community. Falls dies Ihr erster Besuch auf dieser Seite ist, lesen Sie sich bitte die Hilfe durch. Dort wird Ihnen die Bedienung dieser Seite näher erläutert. Darüber hinaus sollten Sie sich registrieren, um alle Funktionen dieser Seite nutzen zu können. Benutzen Sie das Registrierungsformular, um sich zu registrieren oder informieren Sie sich ausführlich über den Registrierungsvorgang. Falls Sie sich bereits zu einem früheren Zeitpunkt registriert haben, können Sie sich hier anmelden. Allgemeine Suchangaben Suche nach Begriff Geben Sie einen oder mehrere Begriffe ein. Ein Begriff muss mindestens vier Zeichen lang sein. Alle Suchmöglichkeiten finden Sie in der Hilfe. Suche nach Autor Exakter Treffer Nur gestartete Themen des Nutzers finden Im Zeitraum Im Zeitraum von: Tag 1 2 3 4 5 6 7 8 9 10 11 12 13 14 15 16 17 18 19 20 21 22 23 24 25 26 27 28 29 30 31 Monat 01 02 03 04 05 06 07 08 09 10 11 12 Jahr bis: Tag 1 2 3 4 5 6 7 8 9 10 11 12 13 14 15 16 17 18 19 20 21 22 23 24 25 26 27 28 29 30 31 Monat 01 02 03 04 05 06 07 08 09 10 11 12 Jahr Ergebnisanzeige Ergebnisanzeige Sortieren nach Relevanz Betreff Datum Autor in aufsteigender Reihenfolge in absteigender Reihenfolge Anzeigen als Vorschau Thema Suche in Suche in Foren Galerie Termine Foren Folgende Foren durchsuchen Alle Foren durchsuchen -------------------- Eingangshalle Guild Wars²      Wir über uns      Bewerbungen      Guild Wars² News Taverne Abwesenheit Eingangshalle Gladiatoren.de      Wir über uns      Bewerbungen      Diplomatischer Bereich Game Arcade      Arcade Allgemein      Fehlermeldungen Eingangshalle Lord of Ultima      Wir über uns      Bewerbungen      Diplomatischer Bereich Mehrfache Markierungen sind durch zusätzliches Drücken der Taste »Strg/Ctrl« (Windows) oder »Befehl/Command« (Mac OS) möglich. Beiträge mit Dateianhängen finden Beiträge mit Umfragen finden Termine Kalender auswählen wcf.calendar.search.calendars Community Hilfe 30.06.2014, 05:45 Zum Seitenanfang Forensoftware: Burning Board®, entwickelt von WoltLab® GmbH | © Style & Design 2011 by - Tcv24.de Dauerhaft angemeldet bleiben? ","title":"Suche - The Assassins - Finest Online Gaming Community","desc":null,"details":{"length":2462,"language":"de","date":"2014/10/31 16:18:38","type":"application/xhtml+xml","country":""},"crawling":{"duration":"1","date":"2014/10/31 16:18:38"},"metas":[{"name":"description","value":""},{"name":"keywords","value":""},{"name":"robots","value":"noindex,nofollow"}],"uri":{"protocol":"http","domain":"de.theassassins.","url":"http://theassassins.de/index.php?form=search&s=7e134d7857221327c8bf201700ea8544917614b3"}}},{"_index":"de_content_201410","_type":"resourceQ","_id":"http://meissner-onlineshop.de/haeufig-gestellte-fragen/?sid=om8hc7tm1flub3ghl771obtrf1","_score":1.0, "_source" : {"body":" Ihr Onlineshop für Schulranzen und mehr ... PRODUKT BERATER - alle Hersteller - 4You (90) Chicco (4) Chiemsee (27) Depesche (14) DerDieDas (15) deuter Eastpak (17) ESPRIT (4) Fisher Price (5) hama (159) Hardware (232) Idena (36) Lamy (106) LEGO (131) McNeill (239) Nestler (51) Online (108) Pax Pelikan (240) Playmobil (57) PlusMinus (2) Ravensburger (24) Roth (137) Salomon (1) School-Mood (17) Scout (303) SIGG (7) SIKU (74) Stabilo (13) Syderf (56) Take it Easy (48) Tatonka (2) toito wear (30) Undercover (38) Zapf (7) - alle Kategorien - MARKEN-SCHULRANZEN - DerDieDas (11) -- Zubehör (7) - LEGO (6) -- Zubehör (9) - McNEILL (70) -- Leather-Line (1) -- Leather Classics (6) --- Zubehör (10) -- Sternschnuppe (4) -- Zubehör (143) - Sammies by Samsonite (10) -- Zubehör (34) - Scout (120) -- Scouty Kindergartenmarke (1) -- Zubehör (153) - Step by Step (29) -- Zubehör (76) - Sonderpreise (102) - Abverkaufsartikel (16) SCHULRANZEN ZUBEHÖR - McNeill (70) - Sammies by Samsonite (33) - LEGO (4) - Scout (98) - Step by Step (72) MARKEN-SCHULRUCKSÄCKE - All Out (1) -- Zubehör (2) - Ceevee (5) - Chiemsee (19) -- Zubehör (5) - Coocazoo (10) -- Zubehör (7) - Syderf (15) -- Zubehör (41) - Take it Easy (36) -- Zubehör (12) - 4You (42) -- Zubehör (49) - Freizeitrucksäcke (14) - Sonstige Schulrucksäcke (27) SCHULRUCKSÄCKE ZUBEHÖR - 4You (38) - Syderf (28) - Take it Easy (10) - toito wear (10) ZUCKERTÜTEN/SCHULTÜTEN - Step by Step (15) - Sammies by Samsonite (9) - McNeill (5) - Scout (3) - Roth Edition -- Schultüten 70 cm rund (12) -- Schultüten 85 cm eckig (43) -- Schultüten 100 cm eckig (6) -- Basteltüten --- 85 cm eckig (9) --- Bastelsets (18) -- Schultüten-Zubehör (15) - Nestler -- Schultüten 70 cm rund (21) -- Schultüten 85 cm eckig (23) -- Schultüten 100 cm eckig - Sonderangebote (4) SCHULSTARTARTIKEL - Pelikan -- Griffix (38) -- Produkte (58) - Lamy (13) - Stabilo -- EASYgraph (2) -- EASYcolors (2) -- Fasermaler (13) - Trinkflaschen (21) - Brotdosen (4) - Diverser Schulbedarf (152) -- Linkshänder (4) - Abverkaufsartikel EXKLUSIVE SCHREIBGERÄTE - LAMY -- Schreibgeräte (109) - Pelikan -- Zubehör (3) - SONSTIGE (11) REISEGEPÄCK / TASCHEN - Hardware (232) - Scout Reisegepäck (22) - Reisetaschen (19) - Koffer / Trolleys (66) - Einkaufstaschen (8) - Sporttaschen (39) - Handtaschen (54) -- Damen Accessoires (38) - Bauchtaschen/Gürteltaschen (10) - Umhängetaschen (37) - Aktenkoffer / Taschen (32) - Laptoptaschen (17) - Kindertaschen / Koffer (82) - Beautycase (6) - Kulturtaschen -- Kinder (8) -- Damen (12) -- Herren (25) - Badetaschen (7) - Kosmetiktaschen (16) - Geldbörsen -- Damen (50) -- Herren (44) -- Kinder (9) - Maniküre-Sets (21) - Herren-Handgelenktaschen (10) - Brillen-Etuis (3) - SCHMUCKKOFFER (25) - SCHIRME -- Kinder (19) -- Damen (39) -- Herren (11) -- Stockschirme (4) -- Sonderangebote (2) ABVERKAUFS-BASTELBEDARF - Bastelartikel (13) - Bastelsets (62) - Bastelbücher (58) SPIELWAREN - LEGO / Duplo (114) - Playmobil (58) - RC / Technik -- Fahrzeuge (12) -- Flugmodelle (2) -- Technik (7) - Spardosen (31) BÜROBEDARF (9) - Patronen/Farbbänder (12) RAUCHERBEDARF (24) - Pfeifen (16) MESSETERMINE / BILDER - Messe-Impressionen STARTSEITE  |   UNTERNEHMEN   |   PARTNER   |   VERSAND   |   SERVICE   |   AGB Warenkorb Kundenlogin MARKEN-SCHULRANZEN SCHULRANZEN ZUBEHÖR MARKEN-SCHULRUCKSÄCKE SCHULRUCKSÄCKE ZUBEHÖR ZUCKERTÜTEN/SCHULTÜTEN SCHULSTARTARTIKEL EXKLUSIVE SCHREIBGERÄTE REISEGEPÄCK / TASCHEN ABVERKAUFS-BASTELBEDARF SPIELWAREN BÜROBEDARF RAUCHERBEDARF MESSETERMINE / BILDER Service-Hotline 036691/866944 Montag bis Freitag 9:00-15:00 Uhr Anbieter Meißner Paper & more Inhaber Jürgen Meißner Rudolf-Breitscheid-Straße 3 07607 Eisenberg Häufig gestellte Fragen NEWSLETTER Eintragen in den News- letterdienst Informationen zum Datenschutz KATEGORIEN Schulzanzen, Schulruck- säcke, Sonderangebote, Zucktertüten/Schultüten, Schulstarterpaket REKLAMATIONEN Infos zu Ihrem gesetz-lichen Widerrufsrecht FAQ Häfig gestellte Fragen IMPRESSUM & AGB Impressum Allgemeine Geschäfts- bedingungen Quicklinks Schulranzen Schulrucksäcke Zuckertüten/Schultüten Schulzubehör Ranzenzubehör Schulstarterpaket Rucksäcke Schreibgeräte Schulbedarf Schulmappen ","title":"Meißner Paper & More | Häufig gestellte Fragen | online kaufen!","desc":"Häufig gestellte Fragen","details":{"length":4182,"language":"de","date":"2014/10/31 16:18:38","type":"text/html","country":""},"crawling":{"duration":"1","date":"2014/10/31 16:18:38"},"metas":[{"name":"description","value":"Häufig gestellte Fragen"},{"name":"keywords","value":"häufig, gestellte, fragen"}],"uri":{"protocol":"http","domain":"de.meissner-onlineshop.","url":"http://meissner-onlineshop.de/haeufig-gestellte-fragen/?sid=om8hc7tm1flub3ghl771obtrf1"}}},{"_index":"de_content_201410","_type":"resourceQ","_id":"http://kiss-army.de/forum/viewtopic.php?f=16&sid=0b5963e6b4f80285def61df667d1e237&t=133","_score":1.0, "_source" : {"body":" KISS Army Deutschland Forum \"People coming together, celebrating KISS\" Zum Inhalt Anmelden Registrieren Forum Information FAQ Suche Suche nach Aktive Themen Unbeantwortete Themen Erweiterte Suche Erweiterte Suche Foren-Übersicht ‹ Ihr seid dran ‹ Meine Sammlung Ändere Schriftgröße Druckansicht Euer begehrtestes Stück in der Sammlung Hier könnt ihr Fotos und Listen eurer persönlichen KISS CD- und Merchandisesammlung veröffentlichen Antwort erstellen 6 Beiträge • Seite 1 von 1 Euer begehrtestes Stück in der Sammlung von KISSFANkevin » Di 10. Apr 2012, 13:33 Hi Leute, was ist den euer begehrtestes Sammlerstück? Ich kann nur mit einem Autogramm glänzen (to Kevin Tommy Thayer) KISSFANkevin   Beiträge: 63 Registriert: Mo 9. Apr 2012, 11:34 Wohnort: Saarland Nach oben Re: Euer begehrtestes Stück in der Sammlung von Johny » Di 10. Apr 2012, 17:15 Mein Herz indem ich all meine Liebe für Kiss aufbewahre Sorry, den musste ich irgendwie bringen Mein Autogramm von Bruce Johny   Beiträge: 191 Registriert: Do 22. Sep 2011, 18:45 ICQ Nach oben Re: Euer begehrtestes Stück in der Sammlung von JohnnyRainbow » So 15. Apr 2012, 20:04 Hast du den mal getroffen? Ich mag meine alten Kiss-LPs, vielleicht komtm ja irengwann ein Autogramm dazu hrhr. JohnnyRainbow   Beiträge: 29 Registriert: Sa 10. Dez 2011, 18:48 Wohnort: NRW Nach oben Re: Euer begehrtestes Stück in der Sammlung von KISSFANkevin » Mo 16. Apr 2012, 10:27 Tommy war vor 4 Jahren oder so bei uns in der Stadt in der Firma Hughes&Kettner wo er seine neuen Amps vorgestellt hat,welche diese Firma baute KISSFANkevin   Beiträge: 63 Registriert: Mo 9. Apr 2012, 11:34 Wohnort: Saarland Nach oben Re: Euer begehrtestes Stück in der Sammlung von Daemonchild1 » Mo 16. Apr 2012, 14:42 Denke, das ist mein Kino-Plakat vom Kiss-Film Daemonchild1   Beiträge: 452 Registriert: Do 22. Sep 2011, 13:19 Wohnort: FRECHEN Nach oben Re: Euer begehrtestes Stück in der Sammlung von Johny » Mo 16. Apr 2012, 17:08 JohnnyRainbow hat geschrieben:Hast du den mal getroffen? Jep, das war auf einer KissExpo in Witten .. 2002/3 oder so??? Johny   Beiträge: 191 Registriert: Do 22. Sep 2011, 18:45 ICQ Nach oben Beiträge der letzten Zeit anzeigen: Alle Beiträge 1 Tag 7 Tage 2 Wochen 1 Monat 3 Monate 6 Monate 1 Jahr Sortiere nach Autor Erstellungsdatum Betreff Aufsteigend Absteigend Antwort erstellen 6 Beiträge • Seite 1 von 1 Zurück zu Meine Sammlung Gehe zu: Wähle ein Forum aus ------------------ Hallo! Schön, dass du da bist!    Was kann ich hier machen?    Vorstellungsrunde    Schnell gefragt Feedback    KISS-Army.de    Forumsangelegenheiten KISS    News und Gerüchte    Bandmitglieder    Ehemalige Bandmitglieder    Alben    Videos    Bücher    DVDs Ihr seid dran    Wer kommt wohin?    Meine Sammlung    Mitfahrgelegenheiten    Mein Bericht    Flohmarkt Plauderecke    Spiele    Smalltalk    Sport    Nachrichten    Kino, Serien, Filme Wer ist online? Mitglieder in diesem Forum: 0 Mitglieder und 1 Gast Foren-Übersicht Das Team • Alle Cookies des Boards löschen • Alle Zeiten sind UTC + 1 Stunde [ Sommerzeit ] Powered by phpBB © 2000, 2002, 2005, 2007 phpBB Group style by: spaceace © 2010 Deutsche Übersetzung durch phpBB.de ","title":"KISS Army Deutschland Forum • Thema anzeigen - Euer begehrtestes Stück in der Sammlung","desc":null,"details":{"length":3177,"language":"de","date":"2014/10/31 16:18:34","type":"application/xhtml+xml","country":""},"crawling":{"duration":"1","date":"2014/10/31 16:18:34"},"metas":[{"name":"resource-type","value":"document"},{"name":"distribution","value":"global"},{"name":"copyright","value":"2000, 2002, 2005, 2007 phpBB Group"},{"name":"keywords","value":""},{"name":"description","value":""}],"uri":{"protocol":"http","domain":"de.kiss-army.","url":"http://kiss-army.de/forum/viewtopic.php?f=16&sid=0b5963e6b4f80285def61df667d1e237&t=133"}}},{"_index":"de_content_201410","_type":"resourceQ","_id":"http://vhs-altkreis-luebbecke.de/espelkamp/vhsstelle-espelkamp/sortby-code/fs456872544b0f2.html/autowert-fs456872544b0f2/bcss-fontsize/vartakeover-true","_score":1.0, "_source" : {"body":"Navigation Startseite Kurse Wunschzettel Suche vhs vor Ort Arbeitnehmerweiterbildung Bildungsscheck Einbürgerungstest Ferienspiele Firmenschulungen Focus on Dance Integration Kooperationen Laientheater Schatulle Qualitätsmanagement Radiowerkstatt Rückblick Schulabschlüsse Werden Sie Kursleiter vhs Kinospots Zertifikate Unsere Kursleitenden Kontakt vhs intern Ansicht umstellen Normale Schriftgröße Zweckverband Volkshochschule Lübbecker Land Wilhelm-Kern-Platz 432339 Espelkamp Tel.:  05772 9771-0 Fax:  05772 9771-30 info@vhs-luebbeckerland.de Lage & Routenplaner Öffnungszeiten Impressum Datenschutzerklärung Aktuelles Programmheft   Kursangebot Politik - Gesellschaft - Umwelt   Kultur - Gestalten   Gesundheit - Bewegung   Sprachen   Arbeit - Beruf - Digitale Welt   Schulabschlüsse - Bildungsurlaub   junge vhs       Top Suchbegriffe gitarre Schulabschluss Pilates fit Literatur Kunst tanz Fit für den Job zumba service foto spanisch kochen Yoga Englisch EDV Fotografie english hauptschulabschluss zumba fitness Schon gesehen? Pilgern ... über Passagen des Jacobs-Pilgerwegs vom Rhein bis an die Mosel Bücherei-Treff Studienreise nach Andalusien Spanisch (A1) Wochenseminar (18.08. - 22.08.2014) Qigong nach Dr. Pang Ming (Zhineng Qigong) - Weisheits-Qigong Bildungspartner Volkshochschule Lübbecker Land Wissen und mehr     Öffnungszeiten AGB   Espelkamp 32339 Espelkamp, Wilhelm-Kern-Platz 14 Kontakt per E-Mail Anfahrt Kurse in Espelkamp Sortieren nach: Kurstitel Beginn Kursnr. Politik - Gesellschaft - Umwelt   Begonnene und beendete Kurse anzeigen Lade begonnene und beendete Kurse ... Sortieren nach: Kurstitel Beginn Kursnr. Kultur - Gestalten   Theateraufführungen / Konzerte / Studienreisen / Exkursionen Studienreise nach Andalusien   Lade Daten ... Fr 03.10.14 200007 Pilgern ... über Passagen des Jacobs-Pilgerwegs vom Rhein bis an die Mosel   Lade Daten ... So 12.10.14 200009 Begonnene und beendete Kurse anzeigen Lade begonnene und beendete Kurse ... Sortieren nach: Kurstitel Beginn Kursnr. Gesundheit - Bewegung   Gymnastik / Bewegung / Körpererfahrung Qigong nach Dr. Pang Ming (Zhineng Qigong) - Weisheits-Qigong   Lade Daten ... Di 29.07.14 302112 Qigong nach Dr. Pang Ming (Zhineng Qigong) - Weisheits-Qigong   Lade Daten ... Mi 30.07.14 302114 Begonnene und beendete Kurse anzeigen Lade begonnene und beendete Kurse ... Sortieren nach: Kurstitel Beginn Kursnr. Sprachen   Deutsch als Fremdsprache Prüfungshinweise \"Deutsch als Fremdsprache\"   Lade Daten ... 404009 Sprachen / Plattdeutsch / Deutsche Gebärdensprache Gemeinsamer Europäischer Referenzrahmen   Lade Daten ... 400001 Hinweis: Kursgebühr Sprachen   Lade Daten ... 400002 Begonnene und beendete Kurse anzeigen Lade begonnene und beendete Kurse ... Sortieren nach: Kurstitel Beginn Kursnr. Arbeit - Beruf - Digitale Welt   Büropraxis Nachweis über Ihre Schreibgeschwindigkeit am Computer   Lade Daten ... 504001A Begonnene und beendete Kurse anzeigen Lade begonnene und beendete Kurse ... Sortieren nach: Kurstitel Beginn Kursnr. Schulabschlüsse - Bildungsurlaub   Begonnene und beendete Kurse anzeigen Lade begonnene und beendete Kurse ... Sortieren nach: Kurstitel Beginn Kursnr. junge vhs   Begonnene und beendete Kurse anzeigen Lade begonnene und beendete Kurse ... Kursangebot Espelkamp (189 Kurse)   « zurück zur Außenstellen Übersicht   Es gibt nur eins, was auf Dauer teurer ist als Bildung: Keine Bildung! (John F. Kennedy) nach oben |  zurück zur Startseite entwickelt von  cmx Konzepte  und  Webovations cmxKonzepte ©  Öffnungszeiten der Geschäftstelle in Espelkamp:  Montag - Freitag  08.00 - 12.30 Uhr  Donnerstag  14.00 - 16.00 Uhr und nach Vereinbarung. An allen gesetzlichen Ferientagen in NRW ist die Gemeinsame Geschäftsstelle von 08.00-12.30 Uhr geöffnet. ...und 24 Stunden täglich unter www.vhs-luebbecke rland.de Öffnungszeiten der Geschäftstelle in Espelkamp:  Montag - Freitag  08.00 - 12.30 Uhr  Donnerstag  14.00 - 16.00 Uhr und nach Vereinbarung. An allen gesetzlichen Ferientagen in NRW ist die Gemeinsame Geschäftsstelle von 08.00-12.30 Uhr geöffnet. ...und 24 Stunden täglich unter www.vhs-luebbecke rland.de Kursbelegung: Plätze frei Fast voll Voll/Warteliste Beendet   Kursbelegung: Plätze frei Fast voll Voll/Warteliste Beendet   Kursbelegung: Plätze frei Fast voll Voll/Warteliste Beendet   Kursbelegung: Plätze frei Fast voll Voll/Warteliste Beendet   Kursbelegung: Plätze frei Fast voll Voll/Warteliste Beendet   Kursbelegung: Plätze frei Fast voll Voll/Warteliste Beendet   Kursbelegung: Plätze frei Fast voll Voll/Warteliste Beendet   Kursbelegung: Plätze frei Fast voll Voll/Warteliste Beendet  ","title":"Zweckverband Volkshochschule Lübbecker Land - Wissen und mehr - Bildung, Beruf, Sprachen, Gesundheit, Kultur","desc":"Ob Sprachen, Beruf oder Gesundheitsbereich... Weiterbildung bei der Volkshochschule bringt Wissen und mehr!","details":{"length":4623,"language":"de","date":"2014/10/31 16:18:35","type":"text/html","country":""},"crawling":{"duration":"1","date":"2014/10/31 16:18:35"},"metas":[{"name":"DC.Title","value":"Zweckverband Volkshochschule Lübbecker Land - Wissen und mehr - Bildung, Beruf, Sprachen, Gesundheit, Kultur"},{"name":"author","value":"cmxKonzepte"},{"name":"DC.Creator","value":"cmxKonzepte"},{"name":"DC.Subject","value":"Volkshochschule, vhs, Weiterbildung, Fortbildung, Sprachen, Beruf, Gesundheit, Kultur"},{"name":"keywords","value":"vhs, Volkshochschule, Kurs, Bildung, Beruf, Sprachen, Gesundheit, Kultur, Englisch, Deutsch, Französisch, Italienisch, Spanisch, Computer, Yoga, Gymnastik, vhsNetzwerk, vhs Netzwerk"},{"name":"description","value":"Ob Sprachen, Beruf oder Gesundheitsbereich... Weiterbildung bei der Volkshochschule bringt Wissen und mehr!"},{"name":"DC.Description","value":"Ob Sprachen, Beruf oder Gesundheitsbereich... Weiterbildung bei der Volkshochschule bringt Wissen und mehr!"},{"name":"DC.Publisher","value":"x"},{"name":"DC.Date","value":""},{"name":"robots","value":"index"},{"name":"robots","value":"follow"}],"uri":{"protocol":"http","domain":"de.vhs-altkreis-luebbecke.","url":"http://vhs-altkreis-luebbecke.de/espelkamp/vhsstelle-espelkamp/sortby-code/fs456872544b0f2.html/autowert-fs456872544b0f2/bcss-fontsize/vartakeover-true"}}},{"_index":"de_content_201410","_type":"resourceQ","_id":"http://tonquadrat.de/forum/index.php?sid=0b2a71e87f44745d8fbd6272056306e4","_score":1.0, "_source" : {"body":"    HOME   |    WORKSHOP   |    EVENTS   |    FORUM   Foren-Übersicht Erweiterte Suche FAQ Anmelden Aktuelle Zeit: Mi 9. Jul 2014, 05:50 Unbeantwortete Themen • Ungelesene Beiträge • Aktive Themen Alle Foren als gelesen markieren MP3-Blog Themen Beiträge Letzter Beitrag MP3-Blog Postet eure selbst produzierten Tracks! 354 Themen 1170 Beiträge Letzter Beitrag von anubis Do 6. Feb 2014, 16:27 MP3 Blog Radio und Newsfeed Alle Tracks des Blogs als Radio-Stream und der RSS Newsfeed Unterforen: MP3-Blog Radio, MP3-Blog Radio Archiv (alter Blog), MP3-Blog Newsfeed 1 Themen 1 Beiträge Letzter Beitrag von lopho Do 20. Mai 2010, 13:54 Ton² Themen Beiträge Letzter Beitrag Veranstaltungen: Tonquadrat Unsere Events für Euch 47 Themen 344 Beiträge Letzter Beitrag von fonoTon Mo 7. Jul 2014, 21:12 Fragen, Anregungen und Kritik Alles was ihr von uns und wir von euch wissen wollen 10 Themen 121 Beiträge Letzter Beitrag von mülli Fr 1. Mär 2013, 12:09 Honky Tonk Bewerbungsforum 9 Themen 19 Beiträge Letzter Beitrag von Besho1990 Fr 17. Mai 2013, 14:12 Szene Mainfranken Themen Beiträge Letzter Beitrag Veranstaltungen: Mainfranken Die heissesten Untergrund Partys und wildesten Club-Feiereien der Region 219 Themen 368 Beiträge Letzter Beitrag von ZIM Fr 27. Jun 2014, 07:46 Veranstaltungen: Überregional Auch mal über den Tellerrand gucken... 51 Themen 113 Beiträge Letzter Beitrag von Flyer Sa 30. Nov 2013, 17:49 Producer, DJ, Technik Ecke Alles rund ums Produzieren, Auflegen und Technik 28 Themen 184 Beiträge Letzter Beitrag von AugedesArgos Fr 11. Apr 2014, 22:07 DJ Sets - Producer Sets Zeigt her eure Mixe, zeigt her eure Sets! 239 Themen 485 Beiträge Letzter Beitrag von topsy krett Fr 3. Jan 2014, 18:26 Vinyls, CD's und digitale Releases Eure frischen Produktionen, gepresst oder digitalisiert auf dem Musikmarkt 51 Themen 85 Beiträge Letzter Beitrag von AugedesArgos Fr 18. Apr 2014, 18:23 Musikempfehlungen Das müsst ihr gehört haben!! 205 Themen 455 Beiträge Letzter Beitrag von inCOCKnito Do 20. Feb 2014, 21:25 Flohmarkt Biete deine Technik, Platten und sonstiges Gerümpel hier zum Verkauf an! 27 Themen 59 Beiträge Letzter Beitrag von Antfodder Fr 21. Mär 2014, 18:32 Off-Topic Dies und das und jenes, was sonst nirgendwo reinpasst 136 Themen 911 Beiträge Letzter Beitrag von fonoTon Sa 8. Mär 2014, 09:34 Forum Themen Beiträge Letzter Beitrag Archiv Alte Socken und Wurmlöcher 281 Themen 986 Beiträge Letzter Beitrag von Simon Di 5. Jul 2011, 11:22 Anmelden Benutzername:  Passwort:  | Mich bei jedem Besuch automatisch anmelden Wer ist online? Insgesamt sind 9 Besucher online: 0 registrierte, 0 unsichtbare und 9 Gäste (basierend auf den aktiven Besuchern der letzten 5 Minuten) Der Besucherrekord liegt bei 199 Besuchern, die am Mi 25. Dez 2013, 14:31 zeitgleich online waren. Mitglieder: 0 Mitglieder Legende: Administratoren, Globale Moderatoren, Tonquadrat Organisatoren Statistik Beiträge insgesamt: 11259 • Themen insgesamt: 1944 • Mitglieder insgesamt: 586 • Unser neuestes Mitglied: DarkSoul_Project Foren-Übersicht Das Team • Alle Cookies des Boards löschen • Alle Zeiten sind UTC + 1 Stunde [ Sommerzeit ] Powered by phpBB © phpBB Group :: Deutsche Übersetzung durch phpBB.de Impressum | Kontakt | Disclaimer ","title":"Tonquadrat - Forum • Foren-Übersicht","desc":"Tonquadrat - Elektronische Klangwelt am Main - Tonquadrat hat es sich zur Aufgabe gemacht, elektronische Musikanten aller Stilrichtungen aus Mainfranken zusammenzubringen, zu foerdern und zum kreativen Arbeiten anzuregen.","details":{"length":3237,"language":"de","date":"2014/10/31 16:18:37","type":"application/xhtml+xml","country":""},"crawling":{"duration":"1","date":"2014/10/31 16:18:37"},"metas":[{"name":"resource-type","value":"document"},{"name":"distribution","value":"global"},{"name":"copyright","value":"Tonquadrat"},{"name":"keywords","value":"forum, tonquadrat, ton2, party, musik, music, elektro, electro, electronica, beat, drum, bass, break, techno, house, main, franken, schweinfurt, würzburg, idm, core, dub"},{"name":"description","value":"Tonquadrat - Elektronische Klangwelt am Main - Tonquadrat hat es sich zur Aufgabe gemacht, elektronische Musikanten aller Stilrichtungen aus Mainfranken zusammenzubringen, zu foerdern und zum kreativen Arbeiten anzuregen."},{"name":"abstract","value":"Tonquadrat - Elektronische Klangwelt am Main"},{"name":"author","value":"lopho und maak und chris"},{"name":"reply-to","value":"office@ton2.de"},{"name":"designer","value":"lopho und maak und chris"}],"uri":{"protocol":"http","domain":"de.tonquadrat.","url":"http://tonquadrat.de/forum/index.php?sid=0b2a71e87f44745d8fbd6272056306e4"}}},{"_index":"de_content_201410","_type":"resourceQ","_id":"https://katalog.ub.uni-leipzig.de/author/home?author=shepherd%2c+allan","_score":1.0, "_source" : {"body":"   Search Terms Search Type Alle Felder Titel Person / Institution ISBN/ISSN/ISMN Signatur Barcode Tag Erweitert   Abmelden Mein Konto Feedback Startseite Blog Start › Shepherd, Allan › Englisch Deutsch Treffer 1 - 5 von 5 für Suche: 'Allan Shepherd' Sortieren Relevanz Erscheinungsjahr, absteigend Erscheinungsjahr, aufsteigend Person / Institution Titel   wird geladen...... The Kogan Page guide to working in the media von Shepherd, Allan veröffentlicht London : Kogan Page, 1997 Favorit Mehr Weniger     Signatur: wird geladen...... wird geladen...... Buch       wird geladen...... Careers in journalism von Medina, Peter veröffentlicht London : Kogan Page, 1996 Favorit Mehr Weniger     Signatur: wird geladen...... wird geladen...... Buch       Love (And Marriage) in \"A Long and Happy Life\" in Twentieth Century Literature von Shepherd, Allan veröffentlicht 1971 Favorit Mehr Weniger     Article, e-article       Saturated Hydrocarbons from Autoxidizing Methyl Linoleate in Nature von Horvat, Robert J. ; Lane, W. G. ; Ng, H. ; Shepherd, Allan D. veröffentlicht 1964 Favorit Mehr Weniger     Article, e-article       Prism: a knowledge based system for semantic integrity specification and enforcement in database systems in ACM SIGMOD Record von Shepherd, Allan ; Kerschberg, Larry veröffentlicht 1984 Favorit Mehr Weniger     Article, e-article     Suchdauer: 0.8s Suchwerkzeuge: RSS-Feed erhalten Diese Suche als E-Mail versenden Suche einschränken Zugang Lokale Bestände (2) Online-Ressourcen (3) weniger ... mehr ... Format Artikel (3) Buch, E-Book (2) Text (1) weniger ... mehr ... Zweigbibliothek Bibliotheca Albertina (2) weniger ... mehr ... Fachgebiet Allgemeines (2) Soziologie (1) weniger ... mehr ... Sprache Englisch (5) weniger ... mehr ... Person / Institution Shepherd, Allan (4) Shepherd, Allan D. (1) Kerschberg, Larry (1) Lane, W. G. (1) Horvat, Robert J. (1) Kerschberg, L. (1) Horvat, R.J. (1) Shepherd, A. (1) Lane, W.G. (1) Shepherd, A.D. (1) Ng, H. (1) Medina, Peter (1) weniger ... mehr ... Kollektion Verbunddaten SWB (2) Nature Publishing Group (CrossRef) (1) JSTOR (1) Assciation for Computing Machinery (CrossRef) (1) weniger ... mehr ... Status Sonstige (3) Peer Reviewed (3) weniger ... mehr ... Erscheinungsjahr Von: Bis: Suchoptionen Suchverlauf Erweiterte Suche Sachliche Suche Suchtipps Weitere Informationen Neuerwerbungen Frage an die Bibliothek Erwerbungsvorschlag Fernleihe Hinweise zur Fernleihe Fernleihe Fernleihe - Medizin Dokumentenlieferdienst Dokumentenlieferdienst - Medizin Powered by Impressum  |   Kontakt  |  © Universitätsbibliothek Leipzig ","title":"Verfasser Suchresultate","desc":null,"details":{"length":2601,"language":"de","date":"2014/10/31 16:18:38","type":"application/xhtml+xml","country":""},"crawling":{"duration":"1","date":"2014/10/31 16:18:38"},"metas":[],"uri":{"protocol":"https","domain":"de.uni-leipzig.ub.katalog.","url":"https://katalog.ub.uni-leipzig.de/author/home?author=shepherd%2c+allan"}}},{"_index":"de_content_201410","_type":"resourceQ","_id":"http://bmb-clan.de/forum/index.php?act=members&s=56e1734a4d730a44ae6e4949823a19b1","_score":1.0, "_source" : {"body":" Braunschweiger MailBox - Online Gaming Clan   Hilfe        Suche        Mitglieder        Kalender Dieses Menü ist deaktiviert   Braunschweiger MailBox - Forum  Forum Nachricht Ein Fehler ist aufgetreten. Wenn Du nicht weißt warum der Fehler aufgetreten ist schau bitte in den Hilfstexten nach. der zurückgegebene Fehler war: nicht ausreichend berechtigt Du bist nicht eingeloggt. Dein Mitgliedsname Dein Passwort Nützliche Links · Vergessenes Passwort wiederherstellen · Neu registrieren · Online Hilfe Handbuch · Kontaktiere den Administrator < Gehe zurück [ Script Execution time: 0.4594 ]   [ 7 queries used ]   [ GZIP aktiviert ] Powered by Invision Power Board(U) v1.3.1 Final © 2003   IPS, Inc. ","title":"Forum Nachricht","desc":"Braunschweiger Mailbox Forum","details":{"length":703,"language":"de","date":"2014/10/31 16:18:38","type":"application/xhtml+xml","country":""},"crawling":{"duration":"1","date":"2014/10/31 16:18:38"},"metas":[{"name":"description","value":"Braunschweiger Mailbox Forum"}],"uri":{"protocol":"http","domain":"de.bmb-clan.","url":"http://bmb-clan.de/forum/index.php?act=members&s=56e1734a4d730a44ae6e4949823a19b1"}}},{"_index":"de_content_201410","_type":"resourceQ","_id":"http://jfk-clan.de/forum/viewtopic.php?f=7&p=66240&sid=aa75da5d574546b2952fe56caeb59a4d&t=21879","_score":1.0, "_source" : {"body":"   Board index »   German Area »   Vorstellen Clanbewerbung KinG KonG Join Server Login |  Register Register Login Search FAQ Clanbewerbung KinG KonG    Page 1 of 1  [ 8 posts ]    Print view Previous topic | Next topic  Author Message KinG KonG   Post subject: Clanbewerbung KinG KonG Posted: Sun 29. Dec 2013, 18:20  Clock-User Joined: Sun 29. Dec 2013, 18:09 Posts: 3 Location: Ludwigsburg Hallo an alle hier vom Clan erstmal !!! Ich bin der Micha ,45 Jahre alt und spiele ne Weile auf Euren Servern.Mir gefällt die Lockerheit,ist immer was los dort.Ich hätte schon Lust dem Clan beizutreten ( STEAM_0:1:54729168 ) Ein paar Leute habe ich ja schon in meiner F-Liste ,welche kennen mich auch schon vom TS 3.Ich spiele gerne dust 2 ja und wünsche mir das ich ein willkommender Gamer hier wäre. Komme von Nähe Stuttgart ,und sonst viele Grüße an Euch Euer KinG KonG / Micha     Staubi   Post subject: Re: Clanbewerbung Posted: Sun 29. Dec 2013, 18:59  fr34k p0st3r Joined: Thu 7. Jan 2010, 03:15 Posts: 1117 du hast weder aufn 32er noch aufm 40er gespielt bei uns _________________ Keyboard not found. Press any key to continue.     hamburg   Post subject: Re: Clanbewerbung Posted: Sun 29. Dec 2013, 19:14  Scout-User Joined: Mon 3. May 2010, 16:25 Posts: 383 Location: Hamburg er ist schon öffters da.netter junge _________________ nur der HSV! u know?!     White Cobra 20   Post subject: Re: Clanbewerbung Posted: Sun 29. Dec 2013, 20:51  Moderator - Memberaufnahme Joined: Sat 10. Aug 2013, 17:17 Posts: 168 hi seine steam ID is falsch STEAM_0:0:75832516 das is die richtige von ihm MFG White Cobra     Freddy   Post subject: Re: Clanbewerbung KinG KonG Posted: Sun 29. Dec 2013, 22:30  Site Admin / Leader Joined: Tue 11. Mar 2008, 22:25 Posts: 2054 Location: Köln hoi, dein acc ist relativ neu ... wie dem auch sei ..ich freue mich darauf dich kennen zu lernen. white cobra hatte dich mal perm gebannt wegen wh .. das macht \"das ganze\" noch interessanter. der ban wurde allerdings gelöscht .. herzlich willkommen bei uns KinG KonG unsere Regeln wir sind auch in der ESL vertreten. bei interesse bitte dem team beitreten, esl-wire downloaden und installieren. daten eingeben, testen. i.d.r. findet ein match pro woche statt. TeamSpeak 3 (IP: 62.104.20.159 Port: 10019 PW: gibt es keins). clantag für die zwei trial wochen sieht wie folgt aus: كƒҜ-T| Name bitte adde mich und jeden anderen jfk deiner wahl in der f-liste über unsere steamgruppe, der du bei der gelegenheit auch gleich beitreten kannst, danke. http://steamcommunity.com/groups/justfunkiller aktivität ist alles. game, ts, forum.. erscheinen sie, sonst weinen sie! lg freddy _________________ „ Wer die Freiheit aufgibt um Sicherheit zu gewinnen, der wird am Ende beides verlieren.“ (Benjamin Franklin)     KinG KonG   Post subject: Re: Clanbewerbung KinG KonG Posted: Sun 5. Jan 2014, 12:54  Clock-User Joined: Sun 29. Dec 2013, 18:09 Posts: 3 Location: Ludwigsburg KinG KonG wrote: :dance: Hallo an alle hier vom Clan erstmal !!! Ich bin der Micha ,45 Jahre alt und spiele ne Weile auf Euren Servern.Mir gefällt die Lockerheit,ist immer was los dort.Ich hätte schon Lust dem Clan beizutreten ( STEAM_0:1:54729168 ) Ein paar Leute habe ich ja schon in meiner F-Liste ,welche kennen mich auch schon vom TS 3.Ich spiele gerne dust 2 ja und wünsche mir das ich ein willkommender Gamer hier wäre. Komme von Nähe Stuttgart ,und sonst viele Grüße an Euch Euer KinG KonG / Micha Ja richtig,meine STEAM_0:0:75832516     KinG KonG   Post subject: Re: Clanbewerbung Posted: Sun 5. Jan 2014, 12:58  Clock-User Joined: Sun 29. Dec 2013, 18:09 Posts: 3 Location: Ludwigsburg White Cobra 20 wrote: hi seine steam ID is falsch STEAM_0:0:75832516 das is die richtige von ihm MFG White Cobra Danke Dir für den Steam ID Nachtrag     White Cobra 20   Post subject: Re: Clanbewerbung KinG KonG Posted: Sun 5. Jan 2014, 13:33  Moderator - Memberaufnahme Joined: Sat 10. Aug 2013, 17:17 Posts: 168 NP     Display posts from previous: All posts 1 day 7 days 2 weeks 1 month 3 months 6 months 1 year  Sort by Author Post time Subject Ascending Descending     Page 1 of 1  [ 8 posts ]  Who is online Users browsing this forum: No registered users and 1 guest Panel Top You cannot post new topics in this forum You cannot reply to topics in this forum You cannot edit your posts in this forum You cannot delete your posts in this forum You cannot post attachments in this forum Search for: Jump to:  Select a forum ------------------ Wichtige Infos!    Memberliste / Regeln / Disclaimer Links Area    Just Fun Killer Homepage -- www.jfk-clan.de    Kostenloser Bilderhoster -- www.bilder-hochladen.to    Kostenloser Filehoster -- www.hochladen.to    JFK CSS Gegnersuche -- www.jfk-clan.de/gegnersuche    ->D2 Server mit AWP<---Klick mich    ->D2 Server ohne AWP<---Klick mich German Area    Smalltalk    News / Wichtiges    Fun und Spam    Multimedia       Kino, Filme und Serien       Musikvideos       CSS-Videos       Sport       Babes       Sonstiges       Games    Unsere Server    Tutorials und Anleitungen    Support       Software       Hardware       Counterstrike Source       Sonstiges    Join us!    Vorstellen    Abwesenheit    Clan verlassen    Kochecke    Trödelmarkt Bannlist - Cheater Report    Cheater entdeckt - Report a Cheater    Gebannte Spieler - Banned Players Fight Us Area    Clan-, Fun-, ESL-War English Area    Smalltalk    Our Server    Thats me! Archiv Area  Powered by phpBB © 2000, 2002, 2005, 2007 phpBB Group Dizayn Ercan Koc [ Time : 0.041s | 15 Queries | GZIP : Off ] ","title":"Just fun Killers • View topic - Clanbewerbung KinG KonG - Die Counter-Strike Community","desc":"Jfk-clan, Der Counter-Strike-Clan bietet News , Themen, Tutorials, Anleitungen und ein Forum zu Counter-Strike an.","details":{"length":5547,"language":"de","date":"2014/10/31 16:18:37","type":"application/xhtml+xml","country":""},"crawling":{"duration":"1","date":"2014/10/31 16:18:37"},"metas":[{"name":"resource-type","value":"document"},{"name":"distribution","value":"global"},{"name":"copyright","value":"2000, 2002, 2005, 2007 phpBB Group"},{"name":"keywords","value":"clan,tutorials,downloads,faq,anleitungen,counter stike,counter-strike,scripting,movies,vids,anleitungen,cs,clan,cs-clan"},{"name":"description","value":"Jfk-clan, Der Counter-Strike-Clan bietet News , Themen, Tutorials, Anleitungen und ein Forum zu Counter-Strike an."}],"uri":{"protocol":"http","domain":"de.jfk-clan.","url":"http://jfk-clan.de/forum/viewtopic.php?f=7&p=66240&sid=aa75da5d574546b2952fe56caeb59a4d&t=21879"}}},{"_index":"de_content_201410","_type":"resourceQ","_id":"http://baro-reifen.de/shop/steeldisks/4304","_score":1.0, "_source" : {"body":" EN | DE                     Willkommen in unserem Online-shop! SF HYUNDAY I40CW/I40 2011- 7.0X16 9317 Abb. Ähnlich ARTIKELBEZEICHNUNG Artikelnummer C9317-KIA16-HYU16 TECHNISCHE DATEN Hersteller ALCAR Gewicht 9.5 Maulweite 7 Einpresstiefe 40 Lochzahl 5 Lochkreis 114,3 Nabenbohrung 67 Fahrzeugmarke KIAHYU BESTELLUNG Um den aktuellen Bestand und Ihren Preis zu sehen, können Sie sich gern registrieren. Wenn Sie bereits registrierter Kunde sind, loggen Sie sich bitte mit Ihrem Login-Namen und Ihrem Passwort ein. Sollten Sie weitere Fragen haben, so können Sie uns gern kontaktieren. SEND PAGE BY E-MAIL   E-mail:   Copyright © 2010-2014 BaRo GmbH, Hamburg Letzte Änderungen von: 11 December 2013 Reifen | Stahlfelgen | Alufelgen | Schläuche | Sonstigen EINLOGGEN   Name: Passwort:      Passwort vergessen? ","title":"BaRo GmbH","desc":null,"details":{"length":808,"language":"de","date":"2014/10/31 16:18:38","type":"text/html","country":""},"crawling":{"duration":"1","date":"2014/10/31 16:18:38"},"metas":[],"uri":{"protocol":"http","domain":"de.baro-reifen.","url":"http://baro-reifen.de/shop/steeldisks/4304"}}},{"_index":"de_content_201410","_type":"resourceQ","_id":"http://gamersware.de/product_info.php/info/p15126_bitspower-adapter-1-4-zoll-auf-ig-1-4-zoll---lang--shiny-black.html","_score":1.0, "_source" : {"body":" MOUSEPADS MÄUSE TASTATUREN SOUND MODDING HARDWARE SOFTWARE KONSOLE ZUBEHÖR LADIES THEMENGEBIETE Produkt Suche Erweiterte Suche Angebote Neuheiten Top-Seller GamersWear (330) Mousepads (139) Mäuse (167) Tastaturen (533) Sound (245) Modding (3516) Modding Tower Modding Netzteile Modding Lüfter Modding VGA-Kühler Modding CPU-Kühler Modding Chipset Kühler Modding Lights Modding Kabel Lüftergitter Silent PC Wasserkühlung All in One - Cases All in One Sets - extern All in One Sets - intern Anschlüsse Ausgleichsbehälter Mainboard Kits Pumpen Radiatoren Schläuche Steuerungen Wakü-Netzteile Wasserzusätze Chipsatz-Kühler CPU-Kühler HDD-Kühler Micro-Kühler RAM-Kühler Spannungswandler- Kühler VGA-Kühler PS3 Kühler XBox360 Kühler Zubehör Front-Panels & Displays Window-Aufkleber Zubehör Modding Taster Farben & Lacke Window Kits Hardware (8440) Software (19) Konsole (3) Zubehör (140) Ladies (19) Themengebiete (122) Hersteller (182) News (129) Erfahrungsberichte (59) Newsletter Company Häufige Fragen Kundenservice Kontakt  /  Impressum © 2014 GAMERSWARE Jetzt Kunde werden! Melde Dich kostenlos an, um jederzeit bequem bestellen zu können! 10003 Artikel online Nur vom Feinsten! Hersteller in dieser Kategorie: Alle Hersteller AC Ryan ADATA adidas Aerocool Akasa AKRACING Alpenföhn Alphacool Amacrox AMD anidees Antec AOC APC aqua computer Arctic Cooling Arctic Silver Arozzi ASRock ASUS AVerMedia Avexir be quiet! BenQ beyerdynamic BitFenix BitsPower Brennenstuhl Cherry Club3D CM Storm Compad Cooler Master Coolgate Coolink Coollaboratory Corsair CPC Creative Crucial Cubitek DangerDen Deepcool Dell DeLock DEMCiflex Denon DGM DimasTech Dormer Dremel Ducky Duopad Edifier Eheim EK Water Blocks Enermax Enzotech Ergotron EVGA FOXCONN G Data Gainward GamersWear Gaming Kits GeIL Gigabyte Hardware Labs HIS Hitachi HGST iiyama Impactics IN WIN infoThink InLine Inno3D innovatek Intel Jinx Junpus Keysonic KFA2 Kingston Knipex Koolance LABEL THE CABLE Laing Lamptron Lancool LG Lian Li Lioncast Lite-On Logitech Longshine Mach Xtreme Technology Mad Catz MagiCool Masterkleer Mayhems McAfee Microsoft Mionix Mod Services Modern League ModMyMachine Monsoon MSI mtn MWE Lab Nero AG Noctua Noiseblocker NVIDIA NZXT ohne Hersteller Origen AE OZONE PANRAM Papst Parvum Systems Patriot PHANTEKS Plantronics Plasti Dip Plextor PNY Technologies PowerColor PQI Precitool PrimoCHILL PROJAHN Prolimatech RAIJINTEK Raspberry Razer Revoltec RITTER Werkzeuge ROCCAT Saitek SAMSUNG SAPPHIRE Scythe Seagate Seasonic Sharkoon Silentmaxx Silverstone SK Gaming Soundgraph Speedlink Speedmaster Stanley SteelSeries Streacom Super Flower Synology Team Group Techflex The Feser Company Thermalright Thermaltake Thrustmaster Toshiba TP-Link Tritton Technologies Turtle Entertainment Voltivo VTX3D Watercool Wera Western Digital Wiha Windowsticker XFX Xigmatek XSPC Zalman Zaward Zero Infinity ZONE3 ZOTAC ZOWIE Herstellerübersicht     Home /  Modding /  Wasserkühlung /  Anschlüsse Schnellnavigation GamersWear   > Heisse Preise   > T-Shirts   > Polos   > Longsleeves   > Sweaters   > Kapus   > Trikots   > Caps   > Accessoires   > Girls   > SK Overall   > GamersWear Mauspads   > adidas Mousepads   > Alle Mousepads   > Kunststoff Pads   > Hartplastik Pads   > Textil Pads   > XXL Pads   > Beleuchtete Pads   > Metall Pads   > Glas Pads   > Mousepad Reiniger   > Handauflagen   > Gleitfüße Mäuse   > Alle Mäuse   > ProGaming Mäuse   > Laser Mäuse   > Kabellose Mäuse   > Notebook Mäuse   > Linkshänder Mäuse   > Kabelhalter   > Gleitfüße   > Zubehör Tastaturen   > Alle Tastaturen   > mechanische Tastaturen   > ProGaming   > USB Tastaturen   > Beleuchtete Tastaturen   > Kabellose Tastaturen   > Desktops (inkl. Maus)   > Gaming Devices   > Zubehör Sound   > Alle Headsets   > ProGaming Headsets   > USB Headsets   > 5.1 Headsets   > Alle Kopfhörer   > HighEnd Kopfhörer   > Backphones   > Ohrhörer   > Soundsysteme   > Mikrofone   > Soundkarten   > Zubehör Modding   > Modding Tower   > Modding Netzteile   > Modding Lüfter   > Modding VGA-Kühler   > Modding CPU-Kühler   > Modding Chipset Kühler   > Modding Lights   > Modding Kabel   > Lüftergitter   > Silent PC   > Wasserkühlung   > Front-Panels & Displays   > Window-Aufkleber   > Zubehör   > Modding Taster   > Farben & Lacke   > Window Kits Hardware   > 3D Filamente   > Arbeitsspeicher   > Barebone/Mini PC   > Emperor Chair   > Festplatten   > Gaming Chair   > Gehäuse   > Grafikkarten   > Mainboards   > Monitore   > optische Laufwerke   > Prozessoren (CPU)   > Solid State Drives (SSD)   > Speicherkarten   > Tablets   > Media PC   > Kühler   > Lüfter   > Netzteile   > HDD-Zubehör   > Audio/Video   > Notebook Kühler   > Notebooks   > Gamepads   > Joysticks   > Lenkräder   > Webcams   > USB-/Firewire-Hubs   > Cardreader & -writer   > Netzwerk   > Wireless-Lan   > Telefonie (VoIP)   > TV/FM - DVB-T   > Fernbedienung   > USB-Speichermedien   > USB Gadgets   > PC- & Monitor-Reiniger   > Zubehör Software   > Anti-Virus / Sicherheit   > Microsoft Windows 7   > Microsoft Windows 8   > Office 2013 Konsole   > Arctic   > Sony Playstation 3   > Microsoft Xbox360   > Nintendo Wii   > Sony PSP   > Sony Playstation 2   > Nintendo DS   > PC/Konsolen Converter Zubehör   > Action Cams   > Game Broadcast/Stream   > Label the Cable   > Notebook Skins   > PC-Tragesysteme   > Rennsitze   > Software   > Tablet Stand   > Notebooktaschen   > Umhängetaschen   > Rucksäcke   > Werkzeug   > Aufbewahrung   > Batterien   > Living   > Steckdosenleisten   > Reinigungsmittel   > Heißkleber & Zubehör   > Lötkolben & Zubehör   > Kabelbinder   > Sonstiges Ladies   > GamersWear   > Konsolen   > Mauspads   > Eingabegeräte   > Gehäuse   > Modding   > CPU-Kühler   > Sound   > Zubehör Themengebiete   > Aion   > fatal1ty   > GIGA Fashion   > Grin   > HeatoN   > Kode5   > Mousesports   > n!faculty   > SK-Gaming   > Starcraft 2   > Counterstrike   > Halflife   > WOW   > Dota   > E-Sport   > adidas   > MTW   > ESL   > WCG   > Fnatic   > Clanbase   > Team GER   > Team 3D   > WWCL   > Readmore   > sogamed   > buffed   > Gaming is not a Crime   > Egoshooter   > Killerspiele   > Nintendo   > Dawn of War   > Resident Evil   > PacMan   > Gears of War   > Call of Duty 2   > Guitar Hero   > Devil May Cry   > Nerd Stuff   > Pokern   > Bounty Bay Online   > Consoleros   > Super Mario   > Streetfighter   > Final Fantasy   > Brothers in Arms   > Age of Empires 3   > ESWC   > LAN Party   > Gaming PC www.GAMERSWARE.de Artikel Preis EUR Anzahl 0 0 Summe 0 Zum Warenkorb 06.07.2014 13:24 Artikel 57 von 831 in dieser Kategorie (sortiert nach Artikelname): Weiter Zurück Bitspower Adapter 1/4 Zoll auf IG 1/4 Zoll - lang, shiny black Gerade Verlängerung mit 1/4 Zoll Außen- auf Innengewinde - schwarz vernickelt Artikelnummer: WAAD-104 Vergrößere im PopUp Erfahrungsberichte (0) Eigenen Bericht schreiben Verfügbarkeit vorbestellbar Der Artikel ist ab dem 15.08.2014 lieferbar. Er kann bereits vorbestellt werden! Unser Preis 3,50* inkl. MwSt. 19% zzgl. Versandkosten Mehr Details Anzahl:  Hersteller: BitsPower Alle Artikel von BitsPower Alle Artikel von BitsPower in dieser Kategorie Beschreibung Zur Verbindung der einzelnen Komponenten der Wasserkühlung ist die Wahl der richtigen Anschlüsse und deren ausreichende Anzahl essentiell. Sonst wird der Einbau schnell zum Frusterlebnis, wenn der Zusammenbau an den falschen oder zu wenigen Verbindungsstücken scheitert und sich aufgrund dessen verzögert. Bitspower bietet hierzu ein umfassendes Sortiment, welches für jeden Anspruch die passende Lösung bereit hält – egal ob Adapter, direkte Schlauchanschlüsse, Winkel oder Verteiler. Die Ausführung ist jeweils massiv und verfügt über einen Dichtungsring. Damit bleiben die Anschlüsse dicht und gewährleisten eine hohe Langzeithaltbarkeit. Dies ist ein gerader Adapter von 1/4 Zoll Außen- auf 1/4 Zoll Innengewinde. Damit handelt es sich um eine klassische Verlängerung. Die Version ist schwarz vernickelt, gerändelt und hat gegenüber der Standardversion ein etwas verlängertes Gewinde. Technische Details: Material: Messing, schwarz vernickelt Anschlüsse: Außengewinde: 1/4 Zoll Innengewinde: 1/4 Zoll 0,02 kg (mit Verpackung) Seitenaufrufe:  © 2014 GAMERSWARE. Alle genannten Produkte sind eingetragene Warenzeichen der jeweiligen Hersteller. Wir empfehlen noch folgende Artikel Bitspower Anschluss 1/4 Zoll auf 16/11mm - shiny silver 6,95 EUR* Bitspower Anschluss 1/4 Zoll auf 11/8mm - shiny black 3,95 EUR* Bitspower Anschluss 1/4 Zoll auf 13/10mm - shiny black 9,95 EUR* Hardware Labs Black ICE Radiator GT Stealth 140 - black 29,95 EUR* Hardware Labs Black ICE Radiator GT Stealth 280 - black 44,95 EUR* Hardware Labs Black ICE Radiator GT Stealth 420 - black 59,95 EUR* Hardware Labs Black ICE Radiator GT Xtreme 140 - black 59,95 EUR* Hardware Labs Black ICE Radiator GT Xtreme 280 - black 84,95 EUR* Hardware Labs Black ICE Radiator GT Xtreme 420 - black 99,95 EUR* Hardware Labs Black ICE Radiator GT Xtreme 560 - black 144,95 EUR* » nach oben Kunden, die diesen Artikel gekauft haben, kauften auch BitFenix Alchemy Connect 15x LED-Strip 30cm - red Flexibles LED-Band mit 15 roten LEDs, selbstklebender Rückseite und Verlängerungsmöglichkeit 19,95 EUR* BitFenix 24-Pin ATX Verlängerung 30cm - sleeved schwarz/rot/schwarz 30 cm langes 24-Pin-ATX-Verlängerungskabel mit roten und schwarzen Textil-Sleeves und schwarzen Anschlüssen 8,95 EUR* Bitspower Verschlussstopfen G1/4 Zoll - Crystal Lighting 4Pin - Red Transparenter Verschlussstopfen mit 1/4 Zoll Gewinde und roter LED mit 4-Pin Anschluss 5,95 EUR* BitFenix Molex Verlängerung 45cm - sleeved rot/schwarz 45 cm langes 4-Pol Molex Verlängerungskabel mit roten Textil-Sleeves und schwarzen Anschlüssen 3,95 EUR* Bitspower Winkel 1/4 Zoll auf IG 1/4 Zoll, shiny black 30 Grad dreh. Gewinkelter Adapter 1/4 Zoll auf Innengewinde 1/4 Zoll - 30 Grad Messing schwarz vernickelt 11,95 EUR* NZXT IU01 interner USB-Hub Interner USB-Splitter von NZXT mit 6x internen, 2x externen Anschlüssen und 4-Pol Molex Stromversorgung 15,95 EUR* Bitspower Distanzring 1/4 Zoll - shiny black Schwarz vernickelter Distanzring für WaKü-Anschlüsse mit 1/4 Zoll Gewinde 2,50 EUR* Bitspower Y-Adapter 3x IG 1/4 Zoll - shiny black Y-förmiger Adapter mit 3x 1/4 Zoll Innengewinde - schwarz vernickelt 15,95 EUR* » nach oben Meistverkaufte Produkte in dieser Kategorie 1. Anschluss 1/4 Zoll auf 13/10mm 2,50 EUR* 2. innovatek Anschluss 1/4 Zoll auf 10/8mm 1,99 EUR* 3. Anschluss 1/4 Zoll auf 13/10mm - black nickel 2,95 EUR* 4. Anschluss 1/4 Zoll auf 10/8mm 2,50 EUR* 5. Bitspower Anschluss 1/4 Zoll auf 13/10mm - shiny silver 8,95 EUR* 6. Anschluss 1/4 Zoll auf 11/8mm 1,90 EUR* 7. Bitspower Anschluss 1/4 Zoll auf 19/13mm - shiny black 7,95 EUR* 8. EK Water Blocks Adapter 1/4 Zoll 45 Grad - black 4,95 EUR* 9. Anschluss 1/4 Zoll auf 13/10mm - gerändelt 2,95 EUR* 10. Bitspower Fitting 1/4 Zoll auf ID 10mm - matt black 3,50 EUR* » nach oben Bitspower Adapter 1/4 Zoll auf IG 1/4 Zoll - lang, shiny black Gerade Verlängerung mit 1/4 Zoll Außen- auf Innengewinde - schwarz vernickelt Artikelnummer: WAAD-104 Verfügbarkeit vorbestellbar Der Artikel ist ab dem 15.08.2014 lieferbar. Er kann bereits vorbestellt werden! Unser Preis 3,50* inkl. MwSt. 19% zzgl. Versandkosten Anzahl:  Zuletzt besuchte Artikel Artikel: In Kategorie: Bitspower Adapter 1/4 Zoll auf IG 1/4 Zoll - lang, shiny black 3,50 EUR* Anschlüsse nach oben *Alle Preisangaben in EURO, inkl. MwSt. 19%, inkl. Verpackungskosten und zzgl. Versandkosten. Irrtümer, Druckfehler und Preisänderungen vorbehalten. Kontakt  |  Impressum  |  AGB  |  Kundengalerie  |  Newsletter  |  Häufige Fragen  |  Kundenservice  |  Zahlungsarten  |  Versandkosten  |  Datenschutz  |  Widerruf  |  Batterieverordnung  |  Verpackungsverordnung  |  Company  |  Partnerprogramm  |  Grössentabelle  |  Glossar  |  B2B Seite generiert in: 0.897 Sekunden RSS-Feed Feed abonieren FB Jetzt Fan werden Twitter Auf Twitter folgen News Alle News ansehen Mein Konto Versandkosten? Zahlungsarten? Login Hallo Gast! Möchtest Du Dich registrieren? E-Mail Adresse Passwort Passwort vergessen? Offizieller Shoppartner Twitter Bleibe immer auf dem aktuellen Stand! twitter.com/gamersware Informationen zu neuen Gaming-Produkten veröffentlichen wir nun auf Twitter, damit Ihr immer auf den neuesten Stand seid! Uns auf Twitter folgen Facebook Werde GAMERSWARE-Fan bei Facebook! Produkt-Neuheiten, Infos, und Gewinnspiele findet Ihr auf der Seite von GAMERSWARE auf Facebook. Jetzt Fan werden RSS-Feed Abonnier Dir unseren Gaming-Feed, um kein neues Produkt mehr zu verpassen! Automtisch informiert bleiben und keine Neuheit mehr verpassen. RSS-Feed abonnieren Verlosung Eintragen Infos zur Verlosung Newsletter Archiv GamersWear GamersWear Clanbase T-Shirt Black 19,95 EUR* Sitemap Wohin? Welche Kategorien gibt es? Alle Seiten im Überblick findest Du hier! Sitemap ansehen Fehler melden! Hilf mit, unser Angebot zu verbessern! Danke! ","title":"GAMERSWARE -  Bitspower Adapter 1/4 Zoll auf IG 1/4 Zoll - lang, shiny black WAAD-104","desc":null,"details":{"length":12909,"language":"de","date":"2014/10/31 16:18:38","type":"application/xhtml+xml","country":""},"crawling":{"duration":"1","date":"2014/10/31 16:18:38"},"metas":[{"name":"verify-v1","value":"VHyalMMpO6kOuXsyb8ifv+5SLwwwKhRxeP/Te8OKm64="},{"name":"google-site-verification","value":"TS8zPHf2sQ-wyjfUjcP1xTo9YM-YUCm_IxktmSNNsso"},{"name":"robots","value":"index,follow"},{"name":"language","value":"de"},{"name":"author","value":"GAMERSWARE.de - www.gamersware.de"},{"name":"publisher","value":"GAMERSWARE.de"},{"name":"company","value":"Caseking GmbH"},{"name":"page-topic","value":"shop, shopping, store, einkaufen, online einkaufen, gamerswear, gamersware, hardware fuer gamer, esports, produktinfo, versandhandel, muase, mauspads, tastaturen, programing, headsets, kopfhoerer, hardware"},{"name":"reply-to","value":"info@gamersware.de"},{"name":"distribution","value":"global"},{"name":"revisit-after","value":"2"},{"name":"description","value":""},{"name":"keywords","value":""}],"uri":{"protocol":"http","domain":"de.gamersware.","url":"http://gamersware.de/product_info.php/info/p15126_bitspower-adapter-1-4-zoll-auf-ig-1-4-zoll---lang--shiny-black.html"}}},{"_index":"de_content_201410","_type":"resourceQ","_id":"http://troll-forum.de/forum03/viewforum.php?f=10&sid=bdd44f4431feb4c421c98d23bb2d22aa","_score":1.0, "_source" : {"body":" trollforum.de Krieg der Trolle     FAQ    Suchen    Mitgliederliste    Benutzergruppen    Registrieren    Profil    Einloggen, um private Nachrichten zu lesen    Login  Gesetztestexte / Definitionen Moderatoren: Mr.Moto, angelwing, cleopatra Benutzer in diesem Forum: Keine     trollforum.de Foren-Übersicht -> Gesetztestexte / Definitionen Alle Themen als gelesen markieren  Themen   Antworten   Autor   Aufrufe   Letzter Beitrag  interessante links zum thema recht 2 cleopatra 3413 26. Aug 2013, 22:28 angelwing Zur Geschichte des 176 0 angelwing 1098 16. Okt 2010, 22:53 angelwing Jugendpornographie 1 bombjack 2044 05. Nov 2008, 22:46 Sternensucher sexueller missbrauch von kindern [ Gehe zu Seite: 1, 2 ] 15 cleopatra 13139 04. Dez 2005, 17:34 angelwing jugendschutz 0 cleopatra 3201 08. Jul 2004, 23:20 cleopatra Begriff der Pornografie(auch KP) 3 Dieter(k13) 4434 28. Jun 2004, 16:47 Dieter Gieseking telelommunikation 0 cleopatra 2856 26. Jun 2004, 11:24 cleopatra Änderungen zum 1.4.2004 im Bezug auf §176, 184, 131 usw.StgB 1 bombjack 3421 25. März 2004, 12:03 bombjack Impressumspflicht nach §6 Teledienstgesetz [ Gehe zu Seite: 1, 2 ] 24 Bernd 14793 12. März 2004, 15:20 angelwing eure meinungen zum recht 2 cleopatra 3908 23. Mai 2003, 23:41 cleopatra PädoXYZ 13 NumLock 9541 04. Mai 2003, 21:51 NumLock @lynchmobfraktion 1 cleopatra 3660 03. März 2003, 15:55 Dieter(k13) was ist jugendgefährdend? 0 cleopatra 3057 18. Nov 2002, 14:16 cleopatra § 184 kipo 0 cleopatra 2826 16. Nov 2002, 16:10 cleopatra Siehe Beiträge der letzten:  Alle Themen anzeigen 1 Tag 7 Tage 2 Wochen 1 Monat 3 Monate 6 Monate 1 Jahr      trollforum.de Foren-Übersicht -> Gesetztestexte / Definitionen Alle Zeiten sind GMT + 1 Stunde Seite 1 von 1 Gehe zu:  Forum auswählen   Allgemeines ---------------- Bekanntmachungen (Team) Sonstiges   Kinderschutzvereine ---------------- Dubioses c@rechild   KiPo ---------------- Kontroverses   Politik und Medien ---------------- Politik Medien   Forschung/Wissenschaft ---------------- Neuigkeiten   Recht ---------------- Allgemeine Infos Aktuell Gesetztestexte / Definitionen   Gummizelle ---------------- Der ganze Schrott ...   Neue Beiträge    Keine neuen Beiträge    Ankündigung Neue Beiträge [ Top-Thema ]    Keine neuen Beiträge [ Top-Thema ]    Wichtig Neue Beiträge [ Gesperrt ]    Keine neuen Beiträge [ Gesperrt ] Du kannst keine Beiträge in dieses Forum schreiben. Du kannst auf Beiträge in diesem Forum nicht antworten. Du kannst deine Beiträge in diesem Forum nicht bearbeiten. Du kannst deine Beiträge in diesem Forum nicht löschen. Du kannst an Umfragen in diesem Forum nicht mitmachen. Powered by phpBB © 2001, 2005 phpBB Group ","title":"trollforum.de :: Forum anzeigen - Gesetztestexte / Definitionen","desc":null,"details":{"length":2677,"language":"de","date":"2014/10/31 16:18:38","type":"text/html","country":""},"crawling":{"duration":"1","date":"2014/10/31 16:18:38"},"metas":[],"uri":{"protocol":"http","domain":"de.troll-forum.","url":"http://troll-forum.de/forum03/viewforum.php?f=10&sid=bdd44f4431feb4c421c98d23bb2d22aa"}}},{"_index":"de_content_201410","_type":"resourceQ","_id":"http://ingridwendels-energyshop.de/main_bigware_29.php?bigpfad=25&bigwarecsid=1e9ec127680faa57303306919db9eeea","_score":1.0, "_source" : {"body":"   Ihr Warenkorb Ihr Warenkorb: 0 Produkte Home Ihr Konto Kasse Kontakt     Home      AGB      Kontakt      Anmelden      Ihr Konto      Warenkorb      Kasse    Startseite LifeWave       Ihr Konto  |  Warenkorb  |  Kasse    Kategorien    Bücher   CD's, DVD's   LifeWave   Postkarten   POWER BALANCE   WorkShops  Sonstiges  DEINE VORTEILE FAQ IMPRESSUM INFO ÜBER MICH ZUM ERSTEN MAL HIER? Zurück zu Ingrid  Produkte  Das Meditationsbüchlein zzgl. Versand  Informationen  Liefer- und Versandkosten Privatsphäre und Datenschutz Unsere AGB Gutschein einlösen Kontakt   LifeWave Stellen Sie sich schnelle und drogenfreie Schmerzlinderung vor... Und nun stellen Sie sich vor, Sie besäßen dies mit IceWave. Ungefährliche und natürliche Schmerzlinderung Wirkt bei lokalisierten und Ganzkörperschmerzen Bequem und einfach anzuwenden Schnelle Ergeb Unser exklusives non-transdermales Patch-System verwendet neue Technologien, die die Akupunkturpunkte sanft stimulieren – und verbessert buchstäblich den Energiefluß im Körper zum Zwecke der Linderung von Schmerz und Beschwerden - innerhalb von Minuten des ersten Gebrauchs! NEUE          Produkte+    Preis   Bestellen  AEON      zzgl. Versand   Carnosine      zzgl. Versand   Gluthathione      zzgl. Versand   IveWave      zzgl. Versand   angezeigte Produkte: 1 bis 4 (von 4 insgesamt) Seiten:   1   Login  E-Mail Adresse: Passwort: (vergessen) Neuer Kunde? Registrieren!  Schnellsuche    Verwenden Sie Stichworte, um ein Produkt zu finden. erweiterte Suche  Währungen  US Dollar Euro  User Online  Zur Zeit sind  10 Gäste  online. Sonntag, 29. Juni 2014             902522 Zugriffe seit Mittwoch, 01. September 2010 Preise inkl. gesetzl. MwSt., zzgl. der jeweiligen Versandkosten. Alle Markennamen, Warenzeichen und eingetragenen Warenzeichen sind Eigentum Ihrer rechtmässigen Eigentümer und dienen hier nur der Beschreibung   Diese Shopsoftware wurde entwickelt von Bigware ","title":"Ingrid Wendels Energyshop : LifeWave - AEON Carnosine Gluthathione IveWave  ","desc":"LifeWave : AEON Carnosine Gluthathione IveWave  - Entspannungs CD, Workshop, Postkarten, Buch, Meditationsbuch, Powerbalancearmbänder, Ingrid Wendel, Energie, CQM, Gutscheine, CD, Entspannung, Wohlbef","details":{"length":1917,"language":"de","date":"2014/10/31 16:18:36","type":"text/html","country":""},"crawling":{"duration":"1","date":"2014/10/31 16:18:36"},"metas":[{"name":"description","value":"LifeWave : AEON Carnosine Gluthathione IveWave  - Entspannungs CD, Workshop, Postkarten, Buch, Meditationsbuch, Powerbalancearmbänder, Ingrid Wendel, Energie, CQM, Gutscheine, CD, Entspannung, Wohlbef"},{"name":"keywords","value":"LifeWave, AEON, Carnosine, Gluthathione, IveWave, Entspannungs CD, Workshop, Postkarten, Buch, Meditationsbuch, Powerbalancearmbänder, Ingrid Wendel, Energie, CQM, Gutscheine, CD, Entspannung, Wohlbefinden, Meditation, Autogenes Training, Entspannungstechniken, Winnenden, 71364, Rems-Murr-Kreis, Bornout, Stress, "}],"uri":{"protocol":"http","domain":"de.ingridwendels-energyshop.","url":"http://ingridwendels-energyshop.de/main_bigware_29.php?bigpfad=25&bigwarecsid=1e9ec127680faa57303306919db9eeea"}}},{"_index":"de_content_201410","_type":"resourceQ","_id":"http://diki.de/englisch-woerterbuch/?q=streng%2c+hart","_score":1.0, "_source" : {"body":" Einloggen | Registrieren streng, hart \"streng, hart\" in Englisch - Deutsch-Englisch Wörterbuch streng, hart Adjektiv rigorous * Du kennst schon Vokabeln. Jetzt lerne, wie du sie verwenden kannst. Erste Online-Schule der englischen Sprache. Verwandte Ausdrücke, Redewendungen und Übersetzungen - streng, hart hart = hard (+1 andere Bedeutung) hart (über Wasser) = hard hart (grell, über Licht) = hard hart (über Alkohol) = hard hart (über Aussprache) = hard Podcasts | Im Browser installieren | O słowniku Diki | Datenschutz und Cookies | Vorschlag melden | Kontakt © 2014 by Diki.de - Multimediales Englisch Wörterbuch | Lesezeichen ausschalten ","title":"streng, hart - Übersetzung in Englisch - Englisch-Deutsch Wörterbuch Diki.de","desc":"Definition und Übersetzung in Englisch im Diki Wörterbuch. Wie sagt man \"streng, hart\" auf Englisch? - rigorous","details":{"length":646,"language":"de","date":"2014/10/31 16:18:38","type":"text/html","country":""},"crawling":{"duration":"1","date":"2014/10/31 16:18:38"},"metas":[{"name":"description","value":"Definition und Übersetzung in Englisch im Diki Wörterbuch. Wie sagt man \"streng, hart\" auf Englisch? - rigorous"},{"name":"keywords","value":"streng, hart, scharf, hart, streng, hart, hart (über Wasser), hart (grell, über Licht), hart (über Alkohol), hart (über Aussprache), streng (eine Person), hart werden"},{"name":"viewport","value":"width=device-width; initial-scale=1.0;"}],"uri":{"protocol":"http","domain":"de.diki.","url":"http://diki.de/englisch-woerterbuch/?q=streng%2c+hart"}}},{"_index":"de_content_201410","_type":"resourceQ","_id":"http://prot-in.de/posting.php?f=21&mode=reply&sid=5d813be8a67d3d02473b963447bb161d&t=495","_score":1.0, "_source" : {"body":" Startseite • Suche • Anmelden • Offenes Forum Infoportal-Übersicht  Anmelden  Sie müssen sich anmelden, um in diesem Forum auf Beiträge zu antworten. Benutzername: Passwort:   Mich bei jedem Besuch automatisch anmelden   Meinen Online-Status während dieser Sitzung verbergen Infoportal-Übersicht ","title":"proT-in - Anmelden","desc":null,"details":{"length":297,"language":"de","date":"2014/10/31 16:18:38","type":"application/xhtml+xml","country":""},"crawling":{"duration":"1","date":"2014/10/31 16:18:38"},"metas":[],"uri":{"protocol":"http","domain":"de.prot-in.","url":"http://prot-in.de/posting.php?f=21&mode=reply&sid=5d813be8a67d3d02473b963447bb161d&t=495"}}},{"_index":"de_content_201410","_type":"resourceQ","_id":"http://link-im-web.de/tag/verflucht","_score":1.0, "_source" : {"body":" Content veröffentlichen – Backlink Gewinnung durch Blog-Beiträge Sunday, 29 June 2014 - 20:26 Home AGB Impressum / Datenschutzbestimmung Link im Web Bauen Beauty Beruf Buchempfehlung Computer Dienstleistung Essen – Trinken Events Familie Feiern Finanzen Fitness Fotografie Freizeit Garten Geschenkideen Gesundheit Gewinnspiele Gutachter Handwerk Heimwerken Immobilien Internet Kleidung Kunst – Musik Marketing Möbel Presse – News Recht Schmuck Shopping Soziales Technik – Elektronik Telekommunikation Tiere Tourismus Transport Umwelt – Energie Unternehmen Vereine Verkehrsmittel Wohnen Zweisamkeit Tag Archiv: Verflucht Die erste ROTE KARTE Der WM 2014 Bereits vor Beginn der WM 2014 wird die erste Rote Karte fällig. Die AGW Akademie der Geistigen Wissenschaften verweist Candomblé, Macumba, Umbanda und Voodoo vom Spielfeld! veröffentlicht auf Link im Web in der Kategorie Presse - News weitere Schlagwörter 2014, Brasilien, Candomblé, Falcao, FIFA, fußballweltmeisterschaft, Löw, Macumba, Manipulation, Messi, Podolski, Reus, Ronaldo, Schamanen, Sport, Voodoo, WM, WM-Fluch Suchen auf Link im Web Wir wollen helfen das Ihr Link im Web bekannt wird. News veröffentlichen und Leser online informieren ist PR im Web. Content von Link im Web teilen Share on Tumblr     Tweet Auf Facebook teilen neuster Content auf Link im Web GfK Pool und Poolbau – Achten sie auf Qualität Geheimtipp Urlaub in Griechenland – Hellas und Ferienhäuser in Weiß und Blau in der Ägäis Leinen los, Segel setzen! Die Unternehmerlotsen freuen sich über den Downloaderfolg ihres neuen E-Books Neue MaRisk Compliance Funktion Lückenlose Lippenbekenntnisse: Interne Kommunikation intelligent initiieren Link im Web – Archiv Select Month June 2014 May 2014 April 2014 March 2014 February 2014 January 2014 December 2013 November 2013 October 2013 September 2013 August 2013 July 2013 June 2013 May 2013 April 2013 March 2013 February 2013 January 2013 December 2012 November 2012 October 2012 September 2012 August 2012 July 2012 June 2012 May 2012 April 2012 March 2012 February 2012 January 2012 Domainadressen die Sie kaufen können: vergleichen sparen (www.vergleichen-sparen.net), informieren vergleichen sparen (www.informieren-vergleichen-sparen.de), informieren vergleichen (www.informieren-vergleichen.de), informieren sparen (www.informieren-sparen.de), informieren vergleichen kaufen (www.informieren-vergleichen-kaufen.net), suchen vergleichen sparen (www.suchen-vergleichen-sparen.net), dein Geldbeutel (www.dein-geldbeutel.de), sparen durch vergleichen (www.sparen-durch-vergleichen.de) Interessiert? Kontaktdaten Business Webhosting – jetzt informieren Firmenblog professionell gehostet Business Hosting zu fairen Preisen Top-Suchbegriffe auf Link im Web abnehmen Beratung berlin Best-Price-Dent coaching deutscher Zahnersatz Diät Existenzgründung Finanzierung Fördermittel Förderprogramme Gesundheit günstig Hamburg Haustier online hotel Immobilien Implantate Internet Kinder Kredit marketing Mode münchen online Haustiershop online Zoohandlung preiswert rechtsanwalt Reisen Seminar software sparen Tierbedarf Tierhandlung tiernahrung urlaub weiterbildung Wellness Zahnarzt Zahnkrone Zoohandlung Zoohandlung im Internet zuschuss Zuschüsse österreich © Link im Web • Design yul.yordanov • Ihre Social Media Agentur - Hamburg ","title":"Verflucht › Link im Web","desc":"Die erste ROTE KARTE Der WM 2014.","details":{"length":3311,"language":"de","date":"2014/10/31 16:18:39","type":"text/html","country":""},"crawling":{"duration":"1","date":"2014/10/31 16:18:39"},"metas":[{"name":"description","value":"Die erste ROTE KARTE Der WM 2014."},{"name":"robots","value":"index, nofollow, noarchive"},{"name":"generator","value":"WordPress"},{"name":"msvalidate.01","value":"369F33C5B5C26122EC4B27DE588108BD"},{"name":"alexaVerifyID","value":"h4DMKzg-axgAPtchm09RanLmpeI"},{"name":"blogcatalog","value":"9BC8776854"},{"name":"google-site-verification","value":"rhYZ0st3xsvV1WH5Op6kW9MvL0hxI62YHWAi4Cgu_F8"},{"name":"Siteinfo","value":"http://www.link-im-web.de/robots.txt"},{"name":"og:title","value":"Verflucht › Link im Web"},{"name":"og:description","value":"Die erste ROTE KARTE Der WM 2014."},{"name":"geo.region","value":"DE-HH"},{"name":"geo.placename","value":"Hamburg"},{"name":"geo.position","value":"53.551085;9.993682"},{"name":"ICBM","value":"53.551085, 9.993682"}],"uri":{"protocol":"http","domain":"de.link-im-web.","url":"http://link-im-web.de/tag/verflucht"}}},{"_index":"de_content_201410","_type":"resourceQ","_id":"http://beavis.beachvolleyball-bawue.de/turniere/turnier.html?id=4020&subj=tzul","_score":1.0, "_source" : {"body":" Überblick Ranglisten Turniere Downloads myBeach Impressum Du befindest dich hier:  LBS Beach-Cup →  Turniere →  Hilfe Sonntag, 29.06.14  Überblick Ranglisten Turniere Frauen Männer Mixed Jugend Senioren BaWü-Finale Downloads myBeach Links Volleyball-Landesverband Württemberg Nordbadischer Volleyball-Verband Südbadischer Volleyball-Verband Deutscher Volleyball-Verband Volleyball-Online Turnierkalender B-Top-Herren TUS KA-Rü.5.7. / B-TOP Herren B-Damen SSC Karlsruhe5.7. / B Damen B-Herren SSC Karlsruhe5.7. / B Herren A-Damen SV 1845 Esslin.5.7. / A Damen A-Herren SV 1845 Essli.5.7. / A Herren B-Herren TSV Rottweil 5.7. / B Herren C-Herren TSG Tübingen 5.7. / C Herren Damen (Teams) 1. Steffe./ Dinkel. 2. Zorn/ Karnbaum 3. Friedr./ Volkmer 3. Blesch/ Späth 5. Kreuzer/ Sutor 6. Klinke 7. Welsch/ Arnhol. 8. Kiesli./ Neubra. 9. Brößke/ Loritz 10. Hammes/ Schroe. Damen (Einzel) 1. B. Steffens 928 Rockets Konstanz 2. R. Zorn 904 SV Lohhof 3. M. Dinkelacker 781 Rockets Konstanz 4. S. Karnbaum 706 SV Lohhof 5. L. Klinke 659 Svk Beiertheim Herren (Teams) 1. Steink./ Müller 2. Sadled./ Loritz 3. Schröd./ Holler 4. Eckenw./ Kreuzer 5. Lückem./ Schnei. 6. Schmidt 7. Stiel/ Bergmann 8. Koch/ Hainich 9. Heidebrec./ Löw 10. Klass/ Hellmuth Herren (Einzel) 1. T. Holler 996 SV Fellbach 2. B. Loritz 854 TuS Durmersheim 3. H. Steinkemper 838 SG Breisach-Gündling 4. C. Eckenweber 826 TuS Durmersheim/Team 4. F. Schmidt 826 TuS Durmersheim 41 Besucher online 19 Besucher sind in: Turniere 18 Besucher sind in: Ranglisten 2 Besucher sind in: Überblick 2 Besucher sind in: myBeach Herren 2010: B-TOP Herren TuS KA-Rüppurr (B-TOP) Parallel stattfindende Turniere B-TOP Damen TuS KA-Rüppurr (Damen 2010 / B-TOP) Infos Meldeliste Zulassungsliste Setzliste Endergebnis Hauptfeld Nr. Team Punkte DVV [1] André Adam (TSV Speyer) Tonio Triebel (FT 1844 Freiburg)     119 0 (30.04.2010) [2] Felix Bertsch (PSV REUTLINGEN) Florian Haas (TV Rottenburg)     55 0 (20.05.2010) [3] Joachim Greiner (SSC Karlsruhe) Steffen Keppler (TG Ötigheim) (Doppelmeldung) (Doppelmeldung) 116 0 (29.05.2010) [4] Georg Effenberger (TSV G.A. Stuttgart) David Weckler (SVL Kirchheim) (Doppelmeldung)   128 0 (30.05.2010) [5] Sven Heuler (Absolut Super Crunchy Feu.) Markus Hamann (Beach VC Riesa) (Doppelmeldung) (Doppelmeldung) 278 0 (30.05.2010) [6] Daniel Weber (TuS Rüppurr) Stefan Wachsmann (TuS Rüppurr)     96 0 (31.05.2010) [7] Simon Kern (TV Pforzheim) Fabian Kern (TV Pforzheim)     56 0 (01.06.2010) [8] Tobias Schenk (USC Konstanz) David Straub (TSV Freudenstadt)     88 0 (01.06.2010) [9] Malte Stiel (TC Hameln) Fabian Buck (TV Hausen)     474 38 (02.06.2010) [10] Christian Geiger (TV Hausen) Dennis Reinmann (TV Hausen)     87 0 (02.06.2010) [11] Tilmann Knödler (TV Bliesen) Marco Pirzer (SG Sportschule Waldenburg) (Doppelmeldung)   13 0 (04.06.2010) [12] Jürgen Kratzeisen (TV Rottenburg) Markus Hainich (SV Fellbach) (Doppelmeldung) (Doppelmeldung) 394 4 (04.06.2010) myBeach Emailadresse: Passwort: Endergebnis Damen / C, 29.6.: C-Damen TSV G. A. Stuttgart 1. Pfaff/ Kehle 2. Sick/ Pastow 3. Klumpp/ Schneider 4. Kopp/ Slabon 5. Birken/ Ruetz 5. Schöneboom/ Kot Endergebnis Mixed / B, 29.6.: B-Mixed TSV Wernau 1. Kurfess/ Bauer 2. Kauß/ Woerner 3. Nerger/ Walz 4. Guilliard/ Hirning 5. Hertel/ Veit 6. Weber/ Weber Endergebnis U19 männlich / SBVV-Meisterschaft, 29.6.: SBVV-Meisterschaft U19 männlich FT 1844 Frei 1. Grathwol/ Schnabel 2. Schaffner/ Schack 3. Rist/ Mauch Endergebnis Mixed / A, 29.6.: A-Mixed TV Ersingen 1. Scharf/ Gerdt 2. Bühler/ Heger 3. Jurow/ Krejci 3. Belizer/ Keitel 5. Müller/ Zindler 5. Ratki / Ratki Endergebnis Damen / B, 28.6.: B-Damen VfL Sindelfingen 1. Hemmann/ Gäbler 2. Gruhn/ Krumme 3. Scharf/ Uplegger 4. Dietz/ Durzova 5. Jungmann/ Martsch 5. Stern/ Reinhard Endergebnis Herren / B, 28.6.: B-Herren TV Radolfzell 1. Scheller/ Müller 2. Wenzelburger/ Schröder 3. Lacmann/ Willimsky 4. Stölzl/ Schmid 5. Ulrich/ Schleicher 5. Hölzl/ Rodler Endergebnis Herren / C, 28.6.: C-Herren TSV G. A. Stuttgart 1. Mayer/ Böhme 2. Neumeier/ Eisenmann 3. Bura/ Blässle 4. Hoppmann/ Teschner 5. Ferner/ Fischheiter 5. Kaiser/ Haber Endergebnis Herren / C, 28.6.: C-Herren TSG HD-Rohrbach 1. Simon/ Miller 2. Weidel/ Tress 3. Eggers/ Willemsen 4. Jendritzki/ Hanschke 5. Schulz/ Winter 5. Jahn / Keller Endergebnis Herren / C, 28.6.: C-Herren TV Ersingen 1. Kilgus/ Vielsack 2. Juhas/ Hoppe 3. Oechsle/ Müller 4. Promillus/ Klasen 5. Theurer/ Volle 5. Baier/ Burkhardt Endergebnis Herren / C, 22.6.: C-Herren TSV Wernau 1. Völker/ Schneider 2. Hirning/ Krenn 3. Thumm/ Sand 4. Zieker/ Voith 5. Büchle/ Kilgus 6. Scharer/ Lehar Überblick Grußworte Ausschreibung Jugend Senioren Ranglisten Damen/Einzel Damen/Teams Herren/Einzel Herren/Teams Suche Turniere Frauen Männer Mixed Jugend Senioren BaWü-Finale Downloads Ausschreibung Formulare myBeach Registrierung Anmelden Passwort anfordern BeaVIS by Sven Claußen, © 1997 - 2014 ","title":"Beachvolleyball Baden-Württemberg: LBS Beach-Cup","desc":"Beachvolleyball Baden-Württemberg, das Beach-Portal im Süden","details":{"length":4937,"language":"de","date":"2014/10/31 16:18:39","type":"application/xhtml+xml","country":""},"crawling":{"duration":"1","date":"2014/10/31 16:18:39"},"metas":[{"name":"Author","value":"sporthosting, Sven Claussen"},{"name":"copyright","value":"Copyright (C) 1997-2014 Sven Claußen, Mighty Design.  All Rights Reserved."},{"name":"KeyWords","value":"beach, Beach, Volleyball, volleyball, beach-volleyball, Beach-Volleyball, Beachvolleyball, NVV, nvv"},{"name":"description","value":"Beachvolleyball Baden-Württemberg, das Beach-Portal im Süden"},{"name":"revisit-after","value":"4 days"},{"name":"robots","value":"index,follow"},{"name":"copyright","value":"© sporthosting, Sven Claussen, 1997-2014"}],"uri":{"protocol":"http","domain":"de.beachvolleyball-bawue.beavis.","url":"http://beavis.beachvolleyball-bawue.de/turniere/turnier.html?id=4020&subj=tzul"}}},{"_index":"de_content_201410","_type":"resourceQ","_id":"http://witze999.de/images.php?id=36086","_score":1.0, "_source" : {"body":" STARTSEITE WITZE WITZIGE BILDER LUSTIGE VIDEOS Witzige Bilder Witze Kontakt | Ανεκδοτα | Jokes | Bancuri | Chistes | Barzellette | Blague | анекдоты | Witze | Moppen | Skämt | Dowcipy | Vicove | Viccek | Vtipy 0s g+ ~ Developed by Sidebar ","title":"Witzige Bilder","desc":"Witzige Bilder: Die witzigsten Bilder im Internet!","details":{"length":240,"language":"de","date":"2014/10/31 16:18:36","type":"text/html","country":""},"crawling":{"duration":"1","date":"2014/10/31 16:18:36"},"metas":[{"name":"keywords","value":"lustige Bilder, lustig, Bilder"},{"name":"description","value":"Witzige Bilder: Die witzigsten Bilder im Internet! "},{"name":"viewport","value":"width=device-width, initial-scale=1.0, maximum-scale=1.0, user-scalable=no"},{"name":"og:image","value":"http://witze999.de/cache/f3/f33af1a983e4210619b320338f699dcb.png"}],"uri":{"protocol":"http","domain":"de.witze999.","url":"http://witze999.de/images.php?id=36086"}}},{"_index":"de_content_201410","_type":"resourceQ","_id":"http://werkerversand.de/werkzeug-handwerker/handwerkzeuge-iii/daemmstoffsaege-550mm-bahco.html","_score":1.0, "_source" : {"body":"          Kundenlogin      Merkzettel Warenkorb Go Startseite » Werkzeug Handwerker13 / 14 » Handwerkzeuge III » Dämmstoffsäge 550mm Bahco Ihr Warenkorb keine Produkte Dämmstoffsäge 550mm Bahco Art.Nr.: 267321 Lieferzeit: 1-3 Werktage (Ausland abweichend) EAN: 7314150154500 Lagerbestand: 15 Stück 18,62 EUR 18,62 EUR pro Stück inkl. 19% MwSt. zzgl. Versand In den Warenkorb Auf den Merkzettel   Datenblatt drucken   Weiterempfehlen Dämmstoffsäge Nr. PC-22-INS Speziell entwickelt zum Sägen von Isolierungsmaterialien, Mineralwolle (Glas- und Steinwolle) EPS - geschäumtes Polystyrol, z. B. Schaumkunststoff bis 75 mm, XPS - gepresstes Polystyrol, z. B. Styroschaum bis 75 mm, Sägeblatt mit wellenförmiger Schnittkante, wodurch das Eindringen in das Material erleichtert wird und wenig Sägestaub entsteht. Weitere Informationen: Blattlänge: 550 mm Beetrosen, Strauchrosen, Edelrosen (1) Kräuter / Beet und Balkonpflanzen / Stauden (37) Betriebseinrichtung (2115) Werkzeuge Circum 13 - 14 (965) Werkzeug Handwerker13 / 14 (10983) Baugeräte / Baugerätschaft (1596) Arbeitsschutz 13/14 (2887) Befestigungstechnik (521) Lagerliste Bau & Möbelbeschäge (2656) Sanitär (905) Werkstattmaterial 2013/14 (346) Innendeko 2013 / 14 (455) Elektroinstallation 2013 / 14 (440) Shop Anmeldung E-Mail-Adresse Passwort Anmelden Konto erstellen Passwort vergessen? Informationen Sitemap Mehr über... Impressum Kontakt Versand- & Zahlungsbedingungen Widerrufsrecht AGB Privatsphäre und Datenschutz Internetshop by Gambio.de © 2011 Absperrung / Sicherheits Artikel (268) Betriebsausstattung (326) Büromöbel / Büroausstattung (308) Lagern / Lagerartikel (604) Leiter / Gerüste (46) Transportgeräte / Hebezeug (234) Umwelt (276) Verpackung (53) Zangen / Wartung (113) Schleifen / Trennen / Polieren (73) Hammer / Meißel / Schrauber (392) Holzbearbeitung / Cutter (158) Maurerwerkzeug / Messwerkzeug / Renovierwerkzeug (160) Gewindeschneiden / Bits (69) Holzberabeitung / Steinbearbeitung (1550) Oberflächenbearbeitung (1945) Handwerkzeuge I (3635) Handwerkzeuge II (2454) Handwerkzeuge III (647) Messwerkzeuge (303) Werkstattbedarf / Betriebseinrichtung (449) Baugeräte / Baugerätschaften (275) Baustelleneinrichtung (408) Garten-und Landschaftsbau (96) Maschinen (289) Messwerkzeug (60) Transportgeräte (162) Werkstatt-Einrichtungen (48) Werkzeuge (258) Arbeitsschuhe /Freizeitschuhe Meindel / Gortex (98) Arbeitsschutz im Betrieb (76) Berufskleidung (685) Freizeitschuhe Caterpillar Colorado (18) Handschuhe / Schutz für die Hände (203) Helm / Schutz für den Kopf (209) Schuhpflege / Schnürsenkel (11) Schutzkleidung / Freizeitkleidung / Regenschutz (603) Sicherheitsschuhe (801) Sicherheitsschuhe Damen (30) Socken / Sohlen (43) Stiefel / Clogs / Wathosen (110) Artikel nach Din (56) Artikel ohne Din Draht Artikel Drahtstifte / Nägel (60) Dübel Technik (28) Holzverbinder (166) Ketten & Seile (64) Lagern Proc / E-Norm (54) Profile für Bodenbeläge (84) Schrauben (9) Spanplattenschrauben / Spax Kleineisenwaren (104) Möbelbeschläge (199) Regalsysteme (45) Schließtechnik (693) Sicherheitstechnik (379) Sonstige Beschläge (540) Streckenartikel (14) Tesa Produkte (58) Türbeschläge (624) Armaturen Bad / Küche (79) Bad Zubehör (139) Brausen, Duschen, Zubehör (69) Heizen (38) Sanitär Zubehör (433) Sanitär Textilen (37) Spiegelschränke (4) Wassersparer (31) WC Ausstattung (75) Klebstoffe / Dichtstoffe (151) Putztücher / Bindemittel (59) Reinigung (65) Wartung (71) Farben / Lacke / Holzschutz (150) Kleben / Dichten (25) Malerhilfsstoffe (42) Malerwerkzeug (238) Arbeitsleuchten (22) E-Installationsmaterial (157) Gong und Zubehör (16) Kabel und Leitungen (37) Leuchtmittel (50) Schalterserien (86) Sicherheitstechnik (16) Taschenlampen (48) Verlängerungen (8) Sie haben noch keine Artikel in Ihrem Warenkorb. E-Mail Passwort Anmelden Konto erstellen Passwort vergessen? Artikelrabatt bis zu: 50% ","title":"Dämmstoffsäge 550mm Bahco\nbei werkerversand.de","desc":"Dämmstoffsäge Nr. PC-22-INS<br /> <br /> Speziell entwickelt zum Sägen von Isolierungsmaterialien, Mineralwolle (Glas- und Steinwolle) EPS - geschäumtes Polystyrol, z. B. Schaumkunststoff bis 75 mm, XPS - gepresstes Polystyrol, z. B. Styroschaum bis 75 mm, Sägeblatt mit wellenförmiger Schnittkante, wodurch das Eindringen in das Material erleichtert wird und wenig Sägestaub entsteht.","details":{"length":3878,"language":"de","date":"2014/10/31 16:18:39","type":"application/xhtml+xml","country":""},"crawling":{"duration":"1","date":"2014/10/31 16:18:39"},"metas":[{"name":"robots","value":"index,follow"},{"name":"language","value":"de"},{"name":"keywords","value":"Handwerkzeuge, Marke, WG, 3, 5, Nr., PC-22-INS, LL, Dämmstoffsäge"},{"name":"description","value":"Dämmstoffsäge Nr. PC-22-INS<br /> <br /> Speziell entwickelt zum Sägen von Isolierungsmaterialien, Mineralwolle (Glas- und Steinwolle) EPS - geschäumtes Polystyrol, z. B. Schaumkunststoff bis 75 mm, XPS - gepresstes Polystyrol, z. B. Styroschaum bis 75 mm, Sägeblatt mit wellenförmiger Schnittkante, wodurch das Eindringen in das Material erleichtert wird und wenig Sägestaub entsteht."}],"uri":{"protocol":"http","domain":"de.werkerversand.","url":"http://werkerversand.de/werkzeug-handwerker/handwerkzeuge-iii/daemmstoffsaege-550mm-bahco.html"}}},{"_index":"de_content_201410","_type":"resourceQ","_id":"http://ratgeberportal-schoenheit.de/arztsuche/direkt/behandlung/oberschenkelstraffung/niedersachsen/adenbuettel","_score":1.0, "_source" : {"body":" Skip to navigation (Press Enter). Skip to main content (Press Enter). Home Arztsuche Kliniksuche Operationen/Behandlungen News Lexikon Login Oberschenkelstraffung in Adenbüttel | Ärzte + Chirurgen Oberschenkelstraffung Arzt-Portrait Direktkontakt Herr Prof. Dr. med. Klaus Meinen Facharzt für Gynäkologie und Geburtshilfe 42697 Solingen Behandlungen Fettabsaugung, Hymenrekonstruktion, Brustvergrösserung, Bruststraffung… Details anzeigen Mitglied werden Die Patienten finden Sie! Kostenlosen Eintrag erstellen oder Premium-Vorteile nutzen Jetzt kostenloses Arzt-Profil erstellen Jetzt kostenloses Klinik-Profil erstellen oder Fachärzte für Schönheitsoperationen und -behandlungen finden Umkreis alle 25 km 50 km 100 km 250 km Körperzone (alle) Gesicht Körper Bauch Beine und Po Brust Zähne Operation/Behandlung (alle) Aknebehandlung Altersfleckenentfernung Anti-Aging Anti-Schweiss-Behandlung Augenlaser Bauchnabelkorrektur Bauchstraffung Besenreiser-Behandlung Bleaching Bodycontouring, Bodylifting Brustrekonstruktion Bruststraffung Brustvergrösserung Brustverkleinerung Cellulitebehandlung Chemisches Peeling Dauerhafte Haarentfernung Facelifting, Biofacelifting Faltenbehandlung Fettabsaugung Fusskorrektur Füllungen, Inlays G-Punkt-Vergrösserung Gesäßstraffung Gynäkomastie-Operation Haartransplantation Halsstraffung Handverjüngung Hohlwarzen, Schlupfwarzen Hymenrekonstruktion Kinnkorrektur Krampfadern-Behandlung Kronen, Brücken, Veneers Laserbehandlung Lidstraffung Lippenkorrektur Magenband, Magenballon Mesotherapie, Mesolift Microdermabrasion Muttermalentfernung Narbenkorrektur Nasenkorrektur Oberarmstraffung Oberschenkelstraffung Ohrenkorrektur Penisvergrösserung Penisverlängerung Permanent-Make-Up professionelle Zahnreinigung Profilkorrektur Schamlippenvergrösserung Schamlippenverkleinerung Schweissdrüsenabsaugung Stirnlifting Thermage Ultherapy TM Ultraschall-Fettabbau Vaginalstraffung Venushügelsculpting Wadenkorrektur Zahnimplantat nur Premium Mitglieder Direktauswahl > nach Städten > nach Behandlung > nach Fachgebiet Oberschenkelstraffung in Adenbüttel | Ärzte + Chirurgen Oberschenkelstraffung 0 Ärzte gefunden (von gesamt 1333) Es wurden keine Ärzte in Adenbüttel für diese Behandlung/Operation gefunden. Folgende Ärzte im Umkreis von Adenbüttel bieten diese Behandlung/Operation an: zum Profil Frau Dr. med. Susanne Czech Fachärztin für Plastische und Ästhetische Chirurgie 38102 Braunschweig zum Profil Herr Dr. med. Thomas Flietner Facharzt für Plastische und Ästhetische Chirurgie 38124 Braunschweig zum Profil Frau Dr. med. Gabriele Pohl Fachärztin für Plastische und Ästhetische Chirurgie 30177 Hannover zum Profil Herr Dr. med. H.-D. Axmann Facharzt für Plastische und Ästhetische Chirurgie 30169 Hannover zum Profil Herr Dr. med. Ramon Wakili Facharzt für Plastische Chirurgie 30851 Hannover / Langenhagen   Startseite Registrieren Datenschutz Arztsuche Kliniksuche AGB OPs/Behandlungen Lexikon Kontakt/Support 2011 - Ratgeberportal Schönheit Impressum |  Autor: Michael Wamhof ","title":"Oberschenkelstraffung in Adenbüttel | Ärzte + Chirurgen Oberschenkelstraffung | Ratgeberportal Schönheit","desc":"Fachärzte und Chirurgen für Oberschenkelstraffung in Adenbüttel. In unserer modernen Arztsuche finden Sie Fachärzte für plastische und ästhetische Chirurgie in Deutschland.","details":{"length":3018,"language":"de","date":"2014/10/31 16:18:39","type":"application/xhtml+xml","country":""},"crawling":{"duration":"1","date":"2014/10/31 16:18:39"},"metas":[{"name":"generator","value":"TYPO3 4.5 CMS"},{"name":"google-site-verification","value":"v32IdsQX7yancZ-raOf0ubheA8HvQYaKzFJPe6rFCjA"},{"name":"DC.title","value":"Arztsuche"},{"name":"description","value":"Fachärzte und Chirurgen für Oberschenkelstraffung in Adenbüttel. In unserer modernen Arztsuche finden Sie Fachärzte für plastische und ästhetische Chirurgie in Deutschland."},{"name":"DC.Description","value":"Fachärzte und Chirurgen für Oberschenkelstraffung in Adenbüttel. In unserer modernen Arztsuche finden Sie Fachärzte für plastische und ästhetische Chirurgie in Deutschland."},{"name":"DC.Language","value":"de"},{"name":"date","value":"2014-01-16T00:18:54+01:00"},{"name":"DC.date","value":"2014-01-16T00:18:54+01:00"},{"name":"robots","value":"index,follow"}],"uri":{"protocol":"http","domain":"de.ratgeberportal-schoenheit.","url":"http://ratgeberportal-schoenheit.de/arztsuche/direkt/behandlung/oberschenkelstraffung/niedersachsen/adenbuettel"}}},{"_index":"de_content_201410","_type":"resourceQ","_id":"http://blackleo.de/frauen/logoshirt-t-shirts/","_score":1.0, "_source" : {"body":"          Kundenlogin      Merkzettel Kasse Start Frauen Männer Kinder Schuhe & Boots Taschen & Geldbörsen Accessoires Geschenke, Lifestyle & Living Schmuck Gutscheine Angebote Go Startseite » Frauen » Logoshirt T-Shirts Dein Warenkorb keine Produkte Logoshirt T-Shirts T-Shirts von Logoshirt - das sind Shirts aus allerbester Qualität. In den tollsten Farben und mit den kultigsten Motiven versehen sind sie immer ein echter Hingucker! Die Logoshirts gibt es in 3 Versionen, als Girlieshirt, als Slimfit Shirt und als Herren T-Shirt. Bei jedem Modell steht dabei, um welchen Schnitt es sich handelt und was Ihr bei der Größenauswahl beachten solltet. Viel Spaß beim Stöbern und beim Wiederentdecken von alten Lieblingen wie dem Maulwurf, Kermit, der Maus, Popeye, Miss Piggy, Minnie Mouse, Thor, Wolverine, Wonder Woman, Batman, Superman und Co. Sicher findest auch Du den Held Deiner Kindheit oder das perfekte Shirt zum Verschenken! Logoshirts sind wunderschöne Retro- und Vintage T-Shirts aus feinster Qualität.. Sortieren nach --- bitte wählen --- Preis aufsteigend Preis absteigend Name aufsteigend Name absteigend Einstelldatum aufsteigend Einstelldatum absteigend Lieferzeit aufsteigend Lieferzeit absteigend Anzeigen 16 32 48    Seite:   1   2   [>>]  Logoshirt T-Shirt Slimfit \"The Count\" Graf Zahl aus der Sesamstraße - jetzt auf schwarzem Logoshirt. 27,90 EUR inkl. 19% MwSt. zzgl. Versand Lieferzeit: ca. 3-4 Tage In den Warenkorb Logoshirt T-Shirt Slimfit \"Batman\" Schwarzes Logoshirt mit Retro-Batman-Print. 27,90 EUR inkl. 19% MwSt. zzgl. Versand Lieferzeit: ca. 3-4 Tage In den Warenkorb Logoshirt T-Shirt Slimfit \"The Beast\" \"Das Tier\" aus der Muppet Show - natürlich ein original Logoshirt! 27,90 EUR inkl. 19% MwSt. zzgl. Versand Lieferzeit: ca. 3-4 Tage In den Warenkorb Logoshirt T-Shirt Slimfit \"Kermit-Go Green\" Go Green - wahnsinns Kermit Logoshirt! 27,90 EUR inkl. 19% MwSt. zzgl. Versand Lieferzeit: ca. 3-4 Tage In den Warenkorb Logoshirt T-Shirt Slimfit \"Coyote\" Olivgrünes Retro Logoshirt mit wunderbarem Coyote Aufdruck! 27,90 EUR inkl. 19% MwSt. zzgl. Versand Lieferzeit: ca. 3-4 Tage In den Warenkorb Logoshirt T-Shirt Slimfit \"Maulwurf\" Absolut süß - absolut Retro! Der kleine Maulwurf Pauli auf weißem Logoshirt im Ringer-Style. 27,90 EUR inkl. 19% MwSt. zzgl. Versand Lieferzeit: ca. 3-4 Tage In den Warenkorb Logoshirt T-Shirt Slimfit \"Joker\" Wer Batman mag, wird dieses Joker T-Shirt lieben! Fantastische Farben auf schwarzem Logoshirt, so muss das sein. 27,90 EUR inkl. 19% MwSt. zzgl. Versand Lieferzeit: ca. 3-4 Tage In den Warenkorb Logoshirt T-Shirt Slimfit \"Waldorf & Statler\" Wer sitzt auf dem Balkon der Muppet Show und motzt? Waldorf & Statler! Kultmotiv auf schwarzem Logoshirt. 27,90 EUR inkl. 19% MwSt. zzgl. Versand Lieferzeit: ca. 3-4 Tage In den Warenkorb Logoshirt T-Shirt Slimfit \"Cookie Monster Face\" Das Krümelmonster Gesicht auf knallblauem T-Shirt - das ist typisch Logoshirt. 27,90 EUR inkl. 19% MwSt. zzgl. Versand Lieferzeit: ca. 3-4 Tage In den Warenkorb Logoshirt T-Shirt Slimfit \"Wonder Woman - Stars\" Logoshirt mit zauberhaftem Retro Wonder Woman Aufdruck! 27,90 EUR inkl. 19% MwSt. zzgl. Versand Lieferzeit: ca. 3-4 Tage In den Warenkorb Logoshirt T-Shirt Slimfit \"Wonder Woman-Girls\" Knallrotes Logoshirt mit genialem Wonder Women Aufdruck - Girls will save the World! 27,90 EUR inkl. 19% MwSt. zzgl. Versand Lieferzeit: ca. 3-4 Tage In den Warenkorb Logoshirt T-Shirt Slimfit Ringer \"Cookie Monster\" weiß Weißes Retro Logoshirt im Ringer-Style mit süßem Krümelmonter Print. 27,90 EUR inkl. 19% MwSt. zzgl. Versand Lieferzeit: ca. 3-4 Tage In den Warenkorb Logoshirt T-Shirt Slimfit \"Monsters Of Rock\" \"Monsters of  Rock\"  Logoshirt. Tolle Farben und legendäres Motiv! 27,90 EUR inkl. 19% MwSt. zzgl. Versand Lieferzeit: ca. 3-4 Tage In den Warenkorb Logoshirt T-Shirt Slimfit \"Batman Logo\" Schwarzes Logoshirt mit Batman Logo - ein Klassiker! 27,90 EUR inkl. 19% MwSt. zzgl. Versand Lieferzeit: ca. 3-4 Tage In den Warenkorb Logoshirt T-Shirt Slimfit \"Hulk\" So muß ein Hulk T-Shirt aussehen - komplett in Hulk-Farbe und mit beeindruckendem Print! Wir sagen: fantastisch! 27,90 EUR inkl. 19% MwSt. zzgl. Versand Lieferzeit: ca. 3-4 Tage In den Warenkorb Logoshirt T-Shirt Slimfit \"My Boyfriend...\" Logoshirt für stolze Girlfriends! 27,90 EUR inkl. 19% MwSt. zzgl. Versand Lieferzeit: ca. 3-4 Tage In den Warenkorb Sortieren nach --- bitte wählen --- Preis aufsteigend Preis absteigend Name aufsteigend Name absteigend Einstelldatum aufsteigend Einstelldatum absteigend Lieferzeit aufsteigend Lieferzeit absteigend Anzeigen 16 32 48    Seite:   1   2   [>>]  Zeige 1 bis 16 (von insgesamt 30 Artikeln) Girlie T-Shirts Logoshirt T-Shirts Shirts & Tops Longsleeves & Pullover Korsetts Jacken & Mäntel Röcke & Minis Kleider Hosen Jacken & Mäntel T-Shirts T-Shirts King Kerosin Hemden & Hoodies & Co. Hosen Herrenröcke Kids Longsleeves Kids Shirts Dr. Martens British Knights T.U.K. Schuhe Heels & Pumps Slip On Ballerinas & Mary Janes Boots & Highlegs Sneakers & Chucks Kinderschuhe Geldbörsen & Ketten Taschen Haarspangen & Co. Portemonnaies & Ketten Handschuhe & Armstulpen Overkness, Stulpen & Co. Schals, Tücher & Mützen Gürtel Gürtelschnallen Aufnäher Lampen Blechschilder & Co. Blechdosen Uhren & Wecker Lifestyle & Gifts Fantasy & Drachen Räucherstäbchen & Zubehör Ketten Ohrringe Ringe Armschmuck Haarschmuck nach oben Girlie T-Shirts Logoshirt T-Shirts Shirts & Tops Longsleeves & Pullover Korsetts Jacken & Mäntel Röcke & Minis Kleider Hosen Neue Artikel   Hotrod Hellcat T-Shirt \"Lone Wolf\" 26,99 EUR Bestseller 01. Logoshirt T-Shirt Slimfit \"The Beast\" 27,90 EUR 02. Logoshirt T-Shirt Slimfit \"Kermit-Go Green\" 27,90 EUR 03. Logoshirt T-Shirt Slimfit \"Joker\" 27,90 EUR 04. Logoshirt T-Shirt Slimfit \"Hulk\" 27,90 EUR 05. Logoshirt Girlie \"Catwoman\" 27,90 EUR Kundenrezensionen   War mit diesem Kilt jetzt schon auf zwei Festivals... Der... Sicher zahlen... Supernova Fashion Über uns Facebook Twitter Myspace Mehr Informationen zu... Liefer- und Versandkosten Zahlungsarten Privatsphäre und Datenschutz Retourenschein AGB Widerrufsrecht Kontakt Impressum Diese Seite empfehlen... Newsletter-Anmeldung E-Mail Anmelden * Alle Preise inkl. gesetzl. Mehrwertsteuer zzgl. Versandkosten und ggf. Nachnahmegebühren, wenn nicht anders beschrieben. Rockabilly & Gothic Onlineshop by Blackleo.de © 2011 Blackleo - Dein Onlineshop für Rockabilly, Gothic, Retro und Punk Psychobilly, Gothic, Retro und Rockabilly Clothing Store In unserem Onlineshop findest du Rockabilly, Gothic und Psychobilly Clothing vom Feinsten. Wir sind für dich auf der Suche nach den neusten Styles, angesagtesten Trends und abgefahrensten Szene-Klamotten. Du hast noch keine Artikel in deinem Warenkorb. E-Mail Passwort Anmelden Konto erstellen Passwort vergessen? ","title":"Logoshirt T-Shirts\n - Black Leo Shop","desc":null,"details":{"length":6805,"language":"de","date":"2014/10/31 16:18:36","type":"application/xhtml+xml","country":""},"crawling":{"duration":"1","date":"2014/10/31 16:18:36"},"metas":[{"name":"robots","value":"index,follow"},{"name":"language","value":"de"},{"name":"keywords","value":"Onlineshop,Kleidung,Schuhe,Hosen,Röcke,Bettwäsche,Frauen,Männer,Kinder,Schuhe,Boots,Mäntel,Accessoires,Stuff,Haarfarbe,Rockabilly,Psychobilly,Vintage,Retro,50er,60er,Kleider,Punk,Ska,Underground,Szene"}],"uri":{"protocol":"http","domain":"de.blackleo.","url":"http://blackleo.de/frauen/logoshirt-t-shirts/"}}},{"_index":"de_content_201410","_type":"resourceQ","_id":"http://posterversand.de/nach-marke/hersteller/quer-bis-100-x-70-cm/bourseiller-les-feux-du-kilauea.html","_score":1.0, "_source" : {"body":" Service Kontakt Hilfe Links Gästebuch Home AGB Impressum Artikelsuche - Formate - hoch bis 24 X 30 cm hoch bis 30 X 40 cm hoch bis 40 X 50 cm hoch bis 50 X 70 cm hoch bis 60 X 80 cm hoch bis 70 X 100 cm hoch über 70 X 100 cm Quadrat bis 30 X 30 cm Quadrat bis 50 X 50 cm Quadrat bis 70 X 70 cm Quadrat bis 90 X 90 cm Quadrat über 90 X 90 cm quer 33 X 95 cm quer bis 30 X 24 cm quer bis 40 X 30 cm quer bis 50 X 40 cm quer bis 70 X 50 cm quer bis 80 X 60 cm quer bis_100 X 70 cm quer über 100 X 70 cm Reduzierte Kunstdrucke Topseller Künstler von A-Z Kunstdrucke nach Rubriken Kunstdrucke nach Farben Poster Musik Poster Film und TV Poster diverses Leinwandbilder Bilderrahmen Galerieschienen Posterschienen Katalog gerahmte Bilder Kunstdrucke auf Leinwand Neuheiten Nach Formatgruppe hoch bis 24 X 30 cm hoch bis 30 X 40 cm hoch bis 40 X 50 cm hoch bis 50 X 70 cm hoch bis 60 X 80 cm hoch bis 70 X 100 cm hoch über 70 X 100 cm Quadrat bis 30 X 30 cm Quadrat bis 50 X 50 cm Quadrat bis 70 X 70 cm Quadrat bis 90 X 90 cm Quadrat über 90 X 90 cm quer 33 X 95 cm quer bis 30 X 24 cm quer bis 40 X 30 cm quer bis 50 X 40 cm quer bis 70 X 50 cm quer bis 80 X 60 cm quer bis_100 X 70 cm quer über 100 X 70 cm Informationen Datenschutz Versand, Kosten u. Bezahlung Widerrufsrecht Wie bestellen? Newsletter Partner und Siegel Posterversand.de Poster online bestellen ist ein von Trusted Shops geprüfter Onlinehändler mit Gütesiegel und Käuferschutz. Mehr... Sie sind hier: / Mein Konto E-Mail: Passwort: Eingeloggt bleiben Konto eröffnen Passwort vergessen OpenID OpenID: Newsletter E-Mail: Beliebte Kategorien Salvador Dali Edward Hopper Horst Janssen  Wassily Kandinsky Paul Klee  Gustav Klimt Franz Marc Henri Matisse Pablo Picasso Mark Rothko Vincent van Gogh  Andy Warhol Kunst der Gegenwart Alice Dalton Brown Denis Fremond Gary Luger Hans Nordmann Inna Panasenko  Jack Vettriano Fotographie Anne Geddes Leuchttürme Segelboote New York Foto Bourseiller Les Feux Du Kilauea Bourseiller Les Feux Du Kilauea Kunstdruck 33 X 95 cm Art.Nr.: 339.12.271 Sofort lieferbar. Statt 30,00 € (Unser regulärer Preis.) jetzt nur 15,90 € inkl. MwSt., zzgl. Versandkosten. Menge: Für Merkzettel bitte einloggen. Für Wunschzettel bitte einloggen. Bourseiller Les Feux Du Kilauea Lieferzeit ca. 2-7 Tage Auslaufartikel, lieferbar nur solange der Vorrat reicht [?] Sie haben Fragen zu diesem Artikel? * Alle Preise inkl. MwSt., zzgl. Versandkosten. © Pageco Home | Kontakt | Hilfe | Gästebuch | Links | Impressum | AGB | Warenkorb | Mein Konto | Mein Merkzettel | Mein Wunschzettel | Öffentliche Wunschzettel Galerie Lindemann Tel.: 040/224236 Sie erreichen uns Mo-Fr von 10.00-13.00 und 15.00-18.30 Uhr Sa. 10.00-14.00 Uhr Ordern Sie online, oder besuchen Sie uns in unserer Hamburger Galerie / Hofweg 19 22085 Hamburg Uhlenhorst X Sie haben soeben einen Artikel in den Warenkorb gelegt. ","title":"Poster Kunstdrucke und Bilderrahmen | Bourseiller Les Feux Du Kilauea | Posterversand.de","desc":"Bourseiller Les Feux Du Kilauea - Lieferzeit ca. 2-7 Tage Auslaufartikel, lieferbar nur solange der Vorrat reicht","details":{"length":2867,"language":"de","date":"2014/10/31 16:18:36","type":"text/html","country":""},"crawling":{"duration":"1","date":"2014/10/31 16:18:36"},"metas":[{"name":"description","value":"Bourseiller Les Feux Du Kilauea - Lieferzeit ca. 2-7 Tage Auslaufartikel, lieferbar nur solange der Vorrat reicht"},{"name":"keywords","value":"bourseiller, les, feux, kilauea, Vulkan, Vulkanausbruch Lava"}],"uri":{"protocol":"http","domain":"de.posterversand.","url":"http://posterversand.de/nach-marke/hersteller/quer-bis-100-x-70-cm/bourseiller-les-feux-du-kilauea.html"}}},{"_index":"de_content_201410","_type":"resourceQ","_id":"http://bench.de/damen-sale?price=8%2c10&size=xs","_score":1.0, "_source" : {"body":" Kostenlose Lieferung Herren Jacken Sweatshirts & Kapuzenjacken Strickwaren T-Shirts Hemden Jeans & Shorts Taschen & Rucksäcke Geldbeutel Düfte Damen Jacken Fleece Softshell Sweatshirts & Kapuzenjacken Strickwaren T-Shirts & Tops Hosen & Shorts Kleider & Röcke Mützen Taschen & Geldbeutel Gürtel Düfte Kinder Boys Neu Eingetroffen Jacken Sweatshirts & Kapuzenjacken T-Shirts Hosen & Shorts Accessoires Girls Neu Eingetroffen Jacken Sweatshirts & Kapuzenjacken T-Shirts & Tops Kleider Hosen Shorts & Röcke Accessoires Bench Herren Jacken Sweatshirts & Kapuzenjacken T-Shirt & Tops Strickwaren Hemden Jeans & Shorts Accessoires Taschen & Rucksäcke Geldbeutel Düfte Sale 01 – wasserabweisende Kapuzenjacke 02 – Fleece an der Innenseite 03 – zusätzliche Brusttasche Damen Jacken Fleece Softshell Sweatshirts & Kapuzenjacken T-Shirt & Tops Strickwaren Kleider & Röcke Hosen & Shorts Accessoires Mützen Gürtel Taschen & Geldbeutel Düfte Sale 01 – Locker geschnittene Sweatjacke 02 – Voluminöse Kapuze mit Futter 03 – Aufgesetzte Kängurutasche Kinder Jungen Jacken Sweatshirts & Kapuzenjacken T-Shirts Hosen & Shorts Accessoires Mädchen Jacken Sweatshirts & Kapuzenjacken T-Shirts & Tops Kleider Hosen & Shorts 01 – Lässige Sweatjacke 02 – Aufgesetzte Kängurutasche 03 – Gefütterte Kapuze Sport Herren Jacken Sweatshirts T-Shirts Hosen & Shorts Damen Jacken T-Shirts Hosen & Shorts Bikinis 01 – Wasserabweisende Kapuzenjacke 02 – Mit leichtem Mesh gefüttert 03 – Belü ftungslöcher unter den Armen   Kampagne Frühling & Sommer 14 Kinder Sport Sale Herren Jacken T-Shirts & Tops Sweatshirts & Kapunzenjacken Strickwaren Hosen & Shorts Accessoires Damen Jacken T-Shirts & Tops Sweatshirts & Kapunzenjacken Strickwaren Kleider & Röcke Hosen & Shorts Accessoires   Los Warenkorb - 0,00 € Du hast noch keinen Artikel in deinem Warenkorb. Login Registriere dich jetzt bei Bench und du kannst: Schneller bezahlen Deinen Bestellstatus verfolgen Aktuelle News und Angebote von Bench empfangen E-Mail: Passwort: Einloggen Sie haben noch kein Konto? klicken Sie hier Passwort vergessen? Wir Schenken Dir 40% Auf Ausgewählte Sommerteile + Kostenlose Lieferung! Im Sale findest du günstige Styles aus älteren Saisons und Kollektionen. Entdecke hier die aktuelle Frühjahr/Sommer Kollektion. DAYSEE Vorher 129,95 € Jetzt 77,50 € SINAH Vorher 119,95 € Jetzt 71,50 € WASPISH Vorher 124,95 € Jetzt 74,50 € OUTLANDISH Vorher 129,95 € Jetzt 77,50 € WASPISH Vorher 124,95 € Jetzt 74,50 € KIDDER II B Vorher 129,95 € Jetzt 77,50 € EUPHORIC Vorher 129,95 € Jetzt 77,50 € KIDDER II B Vorher 129,95 € Jetzt 77,50 € WINDMILL - B Vorher 119,95 € Jetzt 71,50 € DAYSEE Vorher 129,95 € Jetzt 77,50 € BEEISH Vorher 129,95 € Jetzt 77,50 € BENATAR Vorher 119,95 € Jetzt 71,50 € WASPISH Vorher 124,95 € Jetzt 74,50 € KIDDER II B Vorher 129,95 € Jetzt 77,50 € MAGNETISM Vorher 119,95 € Jetzt 71,50 € KIDDER II B Vorher 129,95 € Jetzt 77,50 € GRANBY Vorher 129,95 € Jetzt 77,50 € Herren Jacken Sweatshirts & Kapuzenjacken Strickwaren T-Shirts Hemden Jeans & Shorts Taschen & Rucksäcke Geldbeutel Düfte Damen Jacken Fleece Softshell Sweatshirts & Kapuzenjacken Strickwaren T-Shirts & Tops Hosen & Shorts Kleider & Röcke Mützen Taschen & Geldbeutel Gürtel Düfte Herren Herren Mützen,Schals &Handschuhe Gürtel Taschen & Geldbörsen Rucksäcke Portemonnaies damen Accessoires Mützen,Schals &Handschuhe Gürtel Taschen & Geldbörsen Rucksäcke   Jungen Neu Eingetroffen Jacken Sweatshirts & Kapuzenjacken T-Shirts Hosen & Shorts Accessoires Mädchen Neu Eingetroffen Jacken Sweatshirts & Kapuzenjacken T-Shirts & Tops Kleider Hosen Shorts & Röcke Accessoires Herren Jacken Sweatshirts T-Shirts Hosen & Shorts Mützen Damen Jacken T-Shirts Hosen & Shorts Bikinis Mützen Herren Sale Jacken T-Shirts & Tops Sweatshirts & Kapunzenjacken Strickwaren Hosen & Shorts Accessoires Damen Sale Jacken T-Shirts & Tops Sweatshirts & Kapunzenjacken Strickwaren Kleider & Röcke Hosen & Shorts Accessoires Aktueller Filter: Dieses Objekt entfernen Preise: 70,00 € - 80,00 € Dieses Objekt entfernen Größe: XS Leeren Kategorie Jacken (15) Sweatshirts & Kapunzenjacken (1) Hosen & Shorts (1) Farben Dark Blue (2) Black (7) Mid Khaki (1) Bright Green (1) Dark Khaki (2) Bright Purple (1) Red (1) Stone (1) Dark Purple (1) Damen Sale Im Sale findest du günstige Styles aus älteren Saisons und Kollektionen. Entdecke hier die aktuelle Frühjahr/Sommer Kollektion.   Los   LOGIN Folge uns Du willst mehr Bench in deinem Leben? Dann schau vorbei und finde uns auf folgenden Seiten: Newsletter abonnieren online shop herren damen kinder accessoires sport Folge uns blog facebook twitter youtube Hilfe rücksendungen allgemeine geschäftsbedingungen FAQ kontakt Über uns Bench History impressum unsere geschäfte jobs © Americana International Ltd 2013 ","title":"Damen Sale","desc":null,"details":{"length":4767,"language":"de","date":"2014/10/31 16:18:38","type":"application/xhtml+xml","country":""},"crawling":{"duration":"1","date":"2014/10/31 16:18:38"},"metas":[{"name":"viewport","value":"width=device-width, initial-scale=1, maximum-scale=1"},{"name":"description","value":""},{"name":"keywords","value":"Magento, Varien, E-commerce"},{"name":"robots","value":"INDEX,FOLLOW"}],"uri":{"protocol":"http","domain":"de.bench.","url":"http://bench.de/damen-sale?price=8%2c10&size=xs"}}},{"_index":"de_content_201410","_type":"resourceQ","_id":"http://best-kosmetik.de/marken/payot/tages-nachtpflege/cr-me-riche-dermo-apaisante.html?sid=2778477bcf6e8fceb8e250a6d880f948","_score":1.0, "_source" : {"body":" Blog | Newsletter | Mein Konto | Anmelden KOSTENLOSE PROBEN 5% SKONTO AUF VORKASSE SCHNELLE LIEFERUNG SICHERE ZAHLUNG WARENKORB (0) STARTSEITE Angebote Neuheiten Bestseller Marken PAYOT Reinigung & Peeling Tagespflege Nachtpflege Tages & Nachtpflege Masken & Augenpflege Extrapflege Körperpflege Sonnenpflege Herrenpflege UNREINE & MISCHHAUT TROCKENE HAUT SENSIBLE HAUT ANTI - AGING GUINOT MARIA GALLAND Dr. med. CHRISTINE SCHRAMMEK MARY COHR QMS MEDICOSMETICS COSMADERM REN CLEAN SKINCARE MARVIS KLOTZ LABS KONJAC SPONGE M2BEAUTÉ TOXIC TWINS STOP THE WATER WHILE USING ME INVISIBOBBLE FIGS & ROUGE DERMABRUSH Anti - Aging Aufhellende Pflege Unreine Haut Sensible Haut Trockene Haut Sonnenpflege Körperpflege Herrenpflege Make - Up Pflegetipps STARTSEITE | Marken | PAYOT | Tages & Nachtpflege Sie haben folgendes Produkt ausgewählt: Tages & Nachtpflege Crème Riche Dermo-Apaisante PAYOT 44,00 € (0,88 €/ml) inkl. MwSt. zzgl. Versandkosten. Lieferzeit: sofort versandfertig, Lieferzeit ca. 2-3 Werktage Crème Riche Dermo-Apaisante (50 ml) für sensible Haut Ideal, wenn Sie reichhaltige Texturen lieben. Diese nährende und samtige Creme lindert täglich das unangenehme Hautgefühl und stärkt die Widerstandskraft der Haut gegen äußere Angriffe, indem sie ihre Reizbarkeit vermindert. Besser geschützt, perfekt mit Nährstoffen versorgt und beruhigt, wird Ihre Haut wieder angenehm, geschmeidig und sanft. Sensi Expert ist das Ergebnis der Forschungsarbeit in den Laboratoires Payot, eine dermatologisch zusammengesetzte Pflege speziell für die Bedürfnisse empfindlicher und hyperreaktiver Haut. Dieses Produkt ist frei von Parfum, Parabenen, Alkohol, künstlichen Farbstoffen, Propylenglykol und Lanolin. Anwendung Morgens und Abends auf die gereinigte Haut auftragen. Wir empfehlen zu diesem Produkt: Tages & Nachtpflege Masque Dermo-Apaisant PAYOT 28,00 € Tages & Nachtpflege Gel Yeux Dermo-Apaisant PAYOT 27,00 € Tages & Nachtpflege Eau Dermo-Micellaire PAYOT 22,00 € © BESTKOSMETIK 2014 Impressum AGB Widerrufsrecht Datenschutz Versandkosten Service Über uns Kontakt FAQ Zahlen Sie sicher und bequem mit: Sie haben soeben einen Artikel in den Warenkorb gelegt. ","title":"Crème Riche Dermo-Apaisante von Payot","desc":"Sie suchen die Crème Riche Dermo-Apaisante (50 ml) von Payot?  Diese nährende und samtige Creme lindert täglich das unangenehme Hautgefühl. Jetzt hier bestellen bei Bestkosmetik im Online Shop.","details":{"length":2162,"language":"de","date":"2014/10/31 16:18:38","type":"text/html","country":""},"crawling":{"duration":"1","date":"2014/10/31 16:18:38"},"metas":[{"name":"description","value":"Sie suchen die Crème Riche Dermo-Apaisante (50 ml) von Payot?  Diese nährende und samtige Creme lindert täglich das unangenehme Hautgefühl. Jetzt hier bestellen bei Bestkosmetik im Online Shop."}],"uri":{"protocol":"http","domain":"de.best-kosmetik.","url":"http://best-kosmetik.de/marken/payot/tages-nachtpflege/cr-me-riche-dermo-apaisante.html?sid=2778477bcf6e8fceb8e250a6d880f948"}}},{"_index":"de_content_201410","_type":"resourceQ","_id":"http://nutzrad.de/index.php?inhalt=login&seite=admin&ziel=http%3a%2f%2fwww.nutzrad.de%2findex.php%3fseite%3dkat%26inhalt%3dmarke%26id%3d10%26lfilter%3dde","_score":1.0, "_source" : {"body":"   Das Fahrrad als Nutzfahrzeug Home Katalog Händler Termine Kontakt Anmeldung Benutzername: Passwort:   Noch keine Anmeldedaten? Hier kannst Du Dich registrieren. Du hast Dein Passwort vergessen? Bitte hier klicken. Impressum © 2011-2014 nutzrad.de ","title":"Nutzrad.de - Login","desc":null,"details":{"length":250,"language":"de","date":"2014/10/31 16:18:38","type":"text/html","country":""},"crawling":{"duration":"1","date":"2014/10/31 16:18:38"},"metas":[{"name":"google-translate-customization","value":"3161ca27ed5cfd6c-75143d203cae78cd-gcdc1343d118ffe8c-e"}],"uri":{"protocol":"http","domain":"de.nutzrad.","url":"http://nutzrad.de/index.php?inhalt=login&seite=admin&ziel=http%3a%2f%2fwww.nutzrad.de%2findex.php%3fseite%3dkat%26inhalt%3dmarke%26id%3d10%26lfilter%3dde"}}},{"_index":"de_content_201410","_type":"resourceQ","_id":"https://forum.trafficjam.de/viewtopic.php?f=3&sid=3a15aaa1e1bde2cb7a9ef0265bdbd291&t=1311&view=print","_score":1.0, "_source" : {"body":" Traffic Jam Forum Platz für eure Wünsche, Anregungen und Kritik. https://forum.trafficjam.de/ Wasserpistole... https://forum.trafficjam.de/viewtopic.php?f=3&t=1311 Seite 1 von 1 Wasserpistole... Verfasst: So Jul 11, 2010 10:29 am von Miau ... darf ich se mitnehmen? Fänd ich sau gut... grade, wenns Wetter so bleibt, wie momentan Also, wie schauts aus...? Oder hat sich zu sowas noch keiner Gedanken gemacht? XD Re: Wasserpistole... Verfasst: So Jul 11, 2010 11:58 am von Martin dürfte kein problem sein. Solange sie nicht aussehen wie echte Pistolen. Re: Wasserpistole... Verfasst: So Jul 11, 2010 5:13 pm von Miau haha nein, sicher nicht die is orange und grün... für kleinkinder halt Re: Wasserpistole... Verfasst: So Jul 11, 2010 5:56 pm von MysticYara Lass mich aber bitte in Frieden Re: Wasserpistole... Verfasst: So Jul 11, 2010 5:57 pm von Bomber Nope Svenja, Wir werden bei dem heissen Wetter ehhh für sehr große Wasserpistolen sorgen. Bei dem Wetter ist ja jede kleine Erfrischung erwünscht! Re: Wasserpistole... Verfasst: So Jul 11, 2010 6:45 pm von Miau Ich garantiere für nichts hab mir meine potentiellen Opfer noch nicht überlegt... aber bei so 'nem Wetter sollte ja kaum jemand was dagegen haben ^^ Alle Zeiten sind UTC + 1 Stunde Seite 1 von 1 Powered by phpBB® Forum Software © phpBB Group http://www.phpbb.com/ ","title":"Traffic Jam Forum • Thema anzeigen - Wasserpistole...","desc":null,"details":{"length":1331,"language":"de","date":"2014/10/31 16:18:39","type":"application/xhtml+xml","country":""},"crawling":{"duration":"1","date":"2014/10/31 16:18:39"},"metas":[{"name":"resource-type","value":"document"},{"name":"distribution","value":"global"},{"name":"keywords","value":""},{"name":"description","value":""},{"name":"robots","value":"noindex"}],"uri":{"protocol":"https","domain":"de.trafficjam.forum.","url":"https://forum.trafficjam.de/viewtopic.php?f=3&sid=3a15aaa1e1bde2cb7a9ef0265bdbd291&t=1311&view=print"}}},{"_index":"de_content_201410","_type":"resourceQ","_id":"http://cectekforum.de/profile.php?sid=eb1411483a2e92537470a38505496707&userid=1994","_score":1.0, "_source" : {"body":"   Boardmenü Ihnen fehlen die Rechte dazu um den Inhalt dieser Box zu sehen. Geburtstage Wir gratulieren zum Geburtstag: Heute hat kein Mitglied Geburtstag. Letzte Beitraege Ihnen fehlen die Rechte dazu um den Inhalt dieser Box zu sehen. Wheels4Action Netzwerk 68a neuste Member Ihnen fehlen die Rechte dazu um den Inhalt dieser Box zu sehen. Wer war Online ? Heute waren 22 Mitglieder im Forum unterwegs. Newcro 20:31 merlin 20:31 wanann 20:23 Matthias47 20:14 Roli 19:35 thebull 19:32 andi25 18:17 MoFa 18:15 Logo 17:58 Davidzetterlund 16:28 boris_77 15:58 hai_33 12:38 undertaker 12:16 Kalkutta 12:06 xsambe 09:36 wuestenquad 07:55 Jabby 06:13 Stefan010 04:46 Angel 04:26 Ihnen wird der Zutritt zu dieser Seite verwehrt. Aus einem der folgenden Gründe fehlt Ihnen die Berechtigung, diese Seite zu betreten: Sie sind im Forum nicht angemeldet. Einige Bereiche und Funktionen im Forum sind nur für angemeldete Benutzer zugänglich. Bitte nutzen Sie die Eingabemöglichkeit auf dieser Seite, um sich anzumelden. Falls Sie nicht registriert sind, können Sie dies hier tun. Ihr Benutzeraccount könnte gesperrt worden sein. Melden Sie sich gegebenenfalls ab und kontaktieren den zuständigen Administrator. Es gibt Bereiche im Forum, die bestimmten Benutzern vorbehalten sind. Sie haben möglicherweise versucht einen solchen Bereich zu betreten. Benutzername: Registrierung Passwort: Passwort vergessen Views heute: 6.466 | Views gestern: 7.250 | Views gesamt: 39.728.891 Impressum Forensoftware: Burning Board 2.3.6, entwickelt von WoltLab GmbH ","title":"www.cectekforum.de | Ihnen wird der Zutritt zu dieser Seite verwehrt.","desc":null,"details":{"length":1540,"language":"de","date":"2014/10/31 16:18:39","type":"application/xhtml+xml","country":""},"crawling":{"duration":"1","date":"2014/10/31 16:18:39"},"metas":[],"uri":{"protocol":"http","domain":"de.cectekforum.","url":"http://cectekforum.de/profile.php?sid=eb1411483a2e92537470a38505496707&userid=1994"}}},{"_index":"de_content_201410","_type":"resourceQ","_id":"http://mitrax.de/forum/viewtopic.php?f=14&sid=319e4a9f2ca8bde5cae3e8b999476f22&t=3291","_score":1.0, "_source" : {"body":" -dp- Board das deutsche PowerVR Forum Anmelden    Registrieren FAQ Aktuelle Zeit: 03 Jul 2014 19:31 Foren-Übersicht » Allgemeines » News und Artikel auf deferred Power Alle Zeiten sind UTC + 1 Stunde Startpartition von Windows XP kopieren Moderator: Moderatoren    Seite 1 von 1  [ 8 Beiträge ]    Druckansicht Vorheriges Thema | Nächstes Thema  Autor Nachricht Stefan   Betreff des Beitrags: Startpartition von Windows XP kopieren Verfasst: 31 Jan 2004 02:27  Moderator Registriert: 04 Aug 2001 18:51 Beiträge: 1576 So, für alle, die eher seltener die Startseite besuchen: Es gibt nen neuen Artikel http://www.mitrax.de/artikel.php?id=21 Ich hoffe, er ist einigermaßen verständlich? Nach oben       Gast   Betreff des Beitrags: Verfasst: 23 Feb 2004 20:34  Fein! Und was macht man, wenn man die alte Platte nicht zusätzlich anschließen kann? Z.B. wenn man in sein Notebook 'ne größere Platte einbauen möchte? Nach oben      Stefan   Betreff des Beitrags: Verfasst: 24 Feb 2004 17:03  Moderator Registriert: 04 Aug 2001 18:51 Beiträge: 1576 Also bei einem Standard-PC gibt es doch eigentlich immer die Möglichkeit, die alte HDD nochmal anzuschließen! Man kann ja ein anderes Gerät (DVD, CD-ROM etc.) mal vorübergehend abschließen! Bei einem Notebook hat man leider verloren! Mir ist zumindest keine Lösung des Problems bekannt! Hm, man könnte höchstens die Festplatten mit Adaptern an einen normalen PC anschließen und dann im angesicherten Modus starten (damit keine neue/andere Hardware erkannt wird), das sollte dann auch gehen. Nach oben       Gast   Betreff des Beitrags: Verfasst: 10 Jul 2004 18:42  Hallo, ich hab den Artikel gelesen und bin voll begeistert doch noch eine Lösung gefunden zu haben! Hab aber noch eine Frage: Wie ist das genau gemeint mit dem Anschließen/Umkonfigurieren, das von der neuen HDD gebootet wird und die alte HDD auch noch angeschlossen ist?? Können sie mir sagen welche Platte Slave/Master sein muss und an welchem IDE Kanal angeschlossen werden muss? Vielen Dank Gruß Friedrich Nach oben      Stefan   Betreff des Beitrags: Verfasst: 11 Jul 2004 01:34  Moderator Registriert: 04 Aug 2001 18:51 Beiträge: 1576 Am besten so: Neue Festplatte als Master am Primary Controller und die alte als Master am Secondary. Prinzipiell ist die Bootreihenfolge: Primary Master Primary Slave Secondary Master Secondary Slave Wobei man das im BIOS seit einiger Zeit auch noch veränder kann! Aber mit dem Beispiel ganz oben solltest du auf der sicheren Seite sein! Nach oben       Gast   Betreff des Beitrags: Verfasst: 12 Jul 2004 15:52  Hallo, danke für die Antwort! Ich habe die Festplatten genauso angeschlossen wie von ihnen beschrieben, aber WIN XP bleibt immer am Bootloader hängen bzw. danach (schwarzer Bildschirm) An was kann das liegen? Meine alte HDD: Samsung Spinpoint 5400 rpm SV8004H 80GB Meine neue HDD: Seagate Barracuda 7200 rpm ST3200822A 200GB mit LBA im Bios aktiviert Gibt es noch hoffnung das ich XP nicht neuinstallieren muss um meine neue HDD nutzen zu können? Gruß Friedrich Nach oben      Stefan   Betreff des Beitrags: Verfasst: 12 Jul 2004 16:10  Moderator Registriert: 04 Aug 2001 18:51 Beiträge: 1576 Windows XP hat afair ein problem mit HDDs > 137 GB. Da muss man denk ich nen patch installieren. Ansonsten: Mit welchen Programm hast du die Partition kopiert? Nach oben       Gast   Betreff des Beitrags: Verfasst: 12 Jul 2004 16:53  Den Patch hab ich installiert! (Registry Key, ab SP1 Standard) Habs mit PQ Drive Image 2002 kopiert Nach oben      Beiträge der letzten Zeit anzeigen: Alle Beiträge 1 Tag 7 Tage 2 Wochen 1 Monat 3 Monate 6 Monate 1 Jahr  Sortiere nach Autor Erstellungsdatum Betreff Aufsteigend Absteigend     Seite 1 von 1  [ 8 Beiträge ]  Foren-Übersicht » Allgemeines » News und Artikel auf deferred Power Alle Zeiten sind UTC + 1 Stunde Wer ist online? Mitglieder in diesem Forum: 0 Mitglieder und 1 Gast Du darfst keine neuen Themen in diesem Forum erstellen. Du darfst keine Antworten zu Themen in diesem Forum erstellen. Du darfst deine Beiträge in diesem Forum nicht ändern. Du darfst deine Beiträge in diesem Forum nicht löschen. Du darfst keine Dateianhänge in diesem Forum erstellen. Gehe zu:  Wähle ein Forum aus ------------------ Allgemeines    Allgemeines Board    Hardware allgemein    Spekulationen    OffTopic    News und Artikel auf deferred Power Computergrafik    Fehlerliste    Hardware auf PowerVR Basis    Treiber    Spiele und Demos    Technologie    Software auf PowerVR Internes    FeedBack KHzTool    Probleme, Fehler    Veränderungen am Tool  Powered by phpBB® Forum Software © phpBB Group Deutsche Übersetzung durch phpBB.de ","title":"-dp- Board • Thema anzeigen - Startpartition von Windows XP kopieren","desc":null,"details":{"length":4624,"language":"de","date":"2014/10/31 16:18:39","type":"application/xhtml+xml","country":""},"crawling":{"duration":"1","date":"2014/10/31 16:18:39"},"metas":[{"name":"resource-type","value":"document"},{"name":"distribution","value":"global"},{"name":"keywords","value":""},{"name":"description","value":""}],"uri":{"protocol":"http","domain":"de.mitrax.","url":"http://mitrax.de/forum/viewtopic.php?f=14&sid=319e4a9f2ca8bde5cae3e8b999476f22&t=3291"}}},{"_index":"de_content_201410","_type":"resourceQ","_id":"http://sko-segeln.de/termine/action:oneday/exact_date:1412373600/tag_ids:110,59/","_score":1.0, "_source" : {"body":" ↓ SKO ✦ Segelkameradschaft Ost e.V. Startseite Menü ↓ Zum Inhalt wechseln Zum sekundären Inhalt wechseln Aktuelles Termine Peyser Bulle Seemannschaft Unser Verein Vereins-Chronik Liegeplätze Satzung Vorstand & Gremien Mitglied werden Kontakt Mitgliederbereich Aktuelles Fotoalbum Segelsaison 2013 Sitzungsprotokolle Yachtregister Mitgliederliste Bootslager & Hallenordnung Termine Day Posterboard Monat Woche Day Agenda Kategorien Extern-Termin SKO-Termin Schlagworte Absegeln (2) Absegeln 2013 (2) abslippen (4) ansegeln (1) ansegeln 2013 (1) aufslippen (4) Bunkertour (1) Clubhaus (1) Eignerversammlung (1) Glückstadt (1) Grünkohl (1) Grünkohlessen (1) Hafengeburtstag Hamburg (2) Jahreshauptversammlung (2) Kartoffelkeller (1) Kieler Woche (1) Meeno Schrader (1) Mitgliederversammlung (1) Queen Mary 2 (1) Segelimpressionen (1) SKO (1) Slippen (16) Sliptermin 2014 (8) Termin (2) Vereinshaus (5) Wetterseminar (1) 4. Oktober 2014 Samstag Ganztägig 00:00 01:00 02:00 03:00 04:00 05:00 06:00 07:00 08:00 09:00 10:00 11:00 12:00 13:00 14:00 15:00 16:00 17:00 18:00 19:00 20:00 21:00 22:00 23:00 Subscribe to filtered calendar Zu Google hinzufügen SKO-Suche Suche nach: Kontakt eMail Nachricht SKO-Link BSH-Gezeiten Elbe Webcams HYG Wedel SiteMap SKO-Beiträge (letzte) Peyser Bulle: 1-2014 (gk) Ehrenmitgliedschaft Sliptermine 2014 Jahreshauptversammlung 2014 Bunkertour, los geit dat Yardstickzahlen 2014 Yardstickzahlen, Einführung in das System Geschützt: Strom-Zähler 2013/14 Bunkertour Grünkohlessen 2014 Hit Counter by http://yizhantech.com/ SKO ✦ Segelkameradschaft Ost e.V. ✦ www.sko-segeln.de ✦ eMail: info(at)sko-segeln.de ✦ Impressum ✦ letzte Aktualisierung 31. März 2014 ↑ ","title":"SKO: Termine | SKO ✦ Segelkameradschaft Ost e.V.","desc":"SKO: Termine externe/interne","details":{"length":1685,"language":"de","date":"2014/10/31 16:18:39","type":"text/html","country":""},"crawling":{"duration":"1","date":"2014/10/31 16:18:39"},"metas":[{"name":"generator","value":"WordPress 3.6.1"},{"name":"description","value":"SKO: Termine externe/interne"},{"name":"keywords","value":"sko, segelkameradschaft ost e.v., termine"}],"uri":{"protocol":"http","domain":"de.sko-segeln.","url":"http://sko-segeln.de/termine/action:oneday/exact_date:1412373600/tag_ids:110,59/"}}},{"_index":"de_content_201410","_type":"resourceQ","_id":"http://bremer.scs-shop24.de/index.php?cmsid=artikelliste&kat=alle&s=38k1gj37psbsquhvl5fdvki514&warengruppe=29","_score":1.0, "_source" : {"body":"   Bremer Shop Garten- und Futtermarkt Laden-Öffnungszeiten: Mo. - Fr.: 9.00 - 18.30 Uhr Samstag: 9.00 - 16.00 Uhr Kalkarer Strasse 51 47551 Bedburg-Hau START MAIL AGB DOKUMENTE SHOP - LOGIN     Kd-Nr:     Passwort:   Anmelden       ZUGANGSDATEN   Login anfordern     Neukunde     WARENGRUPPE   Garten & Freizeit     Hygiene     Berufsbekleidung     Geflügel & Nager     Stall & Hof     Hund - Katze & Co.     Reiter & Pferd     Pfähle - Zaun & Zubehör     Spielwaren     Futtermittel     Spielwaren Filter:  Alle Handschuhe Poolzubehör      Zeige  10 |  25 |  50 Produkte   Art.-Nr: 100140 Kinderhandschuh Pink Art.-Nr: 100142 Kinderhandschuh Blau Art.-Nr: 100143 Kinderhandschuhe Rot Art.-Nr: 200472 Bruder Claas Xerion 5000 Art.-Nr: 200564 Bruder Krone Zettwender Art.-Nr: 200578 Cristal Algenverhütung 1lt. Art.-Nr: 200579 Cristal Algenverhütung 3ltr. Art.-Nr: 200735 Ifor Viehanhänger Art.-Nr: 200742 Bruder SCANIA R-Serie Kipp-LKW Art.-Nr: 200759 Siku Claas Xerion Seite  1  2  3  4  5  6  7  8  9  10  11   ...18  Weiter>   © 2011-2014 by Online Shop Bremer GmbH - Webdesign: Schmelzer-EDV - Impressum | AGB ","title":"Online Shop Bremer GmbH - Spielwaren","desc":null,"details":{"length":1115,"language":"de","date":"2014/10/31 16:18:39","type":"application/xhtml+xml","country":""},"crawling":{"duration":"1","date":"2014/10/31 16:18:39"},"metas":[],"uri":{"protocol":"http","domain":"de.scs-shop24.bremer.","url":"http://bremer.scs-shop24.de/index.php?cmsid=artikelliste&kat=alle&s=38k1gj37psbsquhvl5fdvki514&warengruppe=29"}}},{"_index":"de_content_201410","_type":"resourceQ","_id":"http://naturpaket.de/aktionswelt/schoenheitswelt.html?manufacturer=82","_score":1.0, "_source" : {"body":" Naturpaket Online-Shop für Naturprodukte, Reformhaus & BioMarkt Willkommen bei Naturpaket Benutzerkonto Log in 0 Artikel  0,00 € Warenkorb Warenkorb Sie haben keine Artikel im Warenkorb. Suche: Suche Startseite Ernährungswelt Aufstriche süße Aufstriche pikante Aufstriche Nußaufstriche Nußmus Getreideprodukte Brot & Knäcke Müsli & Flocken Crunchy & Flakes Kekse & Knabbern Körner Mehl & Griess Teigwaren Süßes Süßungsmittel Fruchtschnitten Bonbons Gummibärchen & Co Schokolade Dessert Würzen Gewürze (Glas) Gewürze (Nachfüll) Essig, Öl & Senf Würzmittel & Salz Pesto & Tomate Sonstiges Trockenfrüchte Nüsse & Saaten Suppen & Saucen Konserven Einmachen & Backen Saisonartikel Spezialernährung Für das Baby Glutenfrei Fruktosearm Pflanzeneiweiß Vegan Getränkewelt Donath-Säfte Drinks Kaffee & Kakao Säfte & Sirup Tee aus Kräutern Tee aus Früchten Arzneitee Grüner & Schwarzer Tee Roiboostee Ingwertee Gewürztee Teemischungen Gesundheitswelt Augengesundheit Abnehmen Antioxidantien Aufbau Ballaststoffe Basen-Balance Bienenprodukte Bitterstoffe Blase Bluthochdruck Darm Diabetes Eisenmangel Entschlacken Enzyme Erkältung Fasten Für den Sportler Frischpflanzensäfte Gelenke Haut Haare & Nägel Herz Infektabwehr Knochen Leber & Galle Leistungsfähigkeit Magen Mineralstoffe Nerven Prostata Ratgeber-Hefte Verdauung Vitamine Wechseljahre Zöliakie Schönheitswelt Beliebteste Pflegeserien LL Regeneration System Absolute Regeneration E Heliotrop Active Pflege nach Hauttypen Feuchtigkeitsarme Haut Anspruchsvolle Haut Reife Haut Sensible Haut Mischhaut & fettende Haut Allergien & Hautprobleme Jugendliche, unreine Haut Zusatzpflege Dekorative Kosmetik Kajal & Augenbrauenstife Mascara Lidschatten Lippenstifte & Gloss Lippenkonturenstifte Make up Puder & Rouge Körperpflege Körperlotion & Öle Duschen & Baden Deodorantien Handpflege Lippenpflege Haarpflege Pflanzenhaarfarbe Sanotint Sanotint Tönungen Shampoos Haarkur & Styling Sonstiges Sonnenschutz Für den Mann Für Baby & Kind Mundhygiene Zahnpflege Insektenschutz Seifenprodukte Marken Allos Alsiroyal Annemarie Börlind A.Vogel Bakanasan Brecht Cenovis Dadosens Davert dennree Donath Dr. Budwig Dr. Grandel Dr. Wolz Eden GranoVita Heliotrop Holo Hübner Jentschura Lavera Logona Natura Naturata Neuform Rabenhorst Rapunzel Rosengarten Salus Sanotint Schoenenberger Sonnentor Spielberger Tartex Vitam Vitaquell Weleda Werz Zieler Zwergenwiese Aktionen Ernährungswelt Gesundheitswelt Schönheitswelt Startseite / Aktionen / Schönheitswelt Naturkosmetik Naturpaket hat viele Produkte von bekannte Naturkosmetikherstellern in der Aktion. Wir bieten Ihnen beste Qualität zu günstigen Preisen. Aber nicht nur hier, sondern in vielen Bereichen unseres Shops haben wir Produkte in bester und bewährter Qualität.  Topseller in \"Schönheitswelt\" Das kaufen andere Kunden aus unserem Reformhaus-Angebot: 50 ml Regulärer Preis: 7,99 € Sonderpreis: 7,19 € Aloe Vera Tagescreme 50 ml Regulärer Preis: 9,99 € Sonderpreis: 8,99 € Aloe Vera Nachtcreme 125 ml Regulärer Preis: 12,39 € Sonderpreis: 10,95 € Haarfarbe 4 Hellbraun 50 ml Regulärer Preis: 8,45 € Sonderpreis: 7,99 € Granatapfel Regeneration Handcreme 100 ml Regulärer Preis: 10,99 € Sonderpreis: 9,99 € Aloe Vera Gel 3 Artikel Top Option Darstellung als Gitter  Liste  Zeige 15 per page 24 per page 36 per page Sortieren nach Reihenfolge Name Preis Aloe Vera Gel 100 ml Regulärer Preis: 10,99 € Sonderpreis: 9,99 € inkl. 19% MwSt., zzgl. Versandkosten Lieferzeit (ca.) 2-3 Tage In den Warenkorb Aloe Vera Nachtcreme 50 ml Regulärer Preis: 9,99 € Sonderpreis: 8,99 € inkl. 19% MwSt., zzgl. Versandkosten Lieferzeit (ca.) 2-3 Tage In den Warenkorb Aloe Vera Tagescreme 50 ml Regulärer Preis: 7,99 € Sonderpreis: 7,19 € inkl. 19% MwSt., zzgl. Versandkosten Lieferzeit (ca.) 2-3 Tage In den Warenkorb 3 Artikel Top Option Darstellung als Gitter  Liste  Zeige 15 per page 24 per page 36 per page Sortieren nach Reihenfolge Name Preis Artikel vergleichen Es ist kein Artikel zum Vergleichen vorhanden. Filtern nach Filtern nach: Hersteller: Hübner Artikel entfernen Alle Filter zurücksetzen Einkaufsoptionen Preis 7,00 € - 7,99 € (1) 8,00 € - 8,99 € (1) 9,00 € und darüber (1) Versand Idealo Partner Bestellung Versandinfo Zahlarten & FAQ AGB Widerruf Informationen Über uns Kontakt Datenschutz Impressum Zertifiziert DE-ÖKO-006      Zahlarten Weiter einkaufen zum Warenkorb ","title":"Naturkosmetik im Reformhaus und Biomarkt von Naturpaket","desc":"Naturpaket hat viele Aktionen und Angebote im Bereich Kosmetik, Haut- und Körperpflege von namhaften Herstellern, wie Annemarie Börlind oder Weleda. Überzeugen Sie sich selbst von unserer großen Auswahl und unseren günstigen Preisen.","details":{"length":4359,"language":"de","date":"2014/10/31 16:18:36","type":"application/xhtml+xml","country":""},"crawling":{"duration":"1","date":"2014/10/31 16:18:36"},"metas":[{"name":"description","value":"Naturpaket hat viele Aktionen und Angebote im Bereich Kosmetik, Haut- und Körperpflege von namhaften Herstellern, wie Annemarie Börlind oder Weleda. Überzeugen Sie sich selbst von unserer großen Auswahl und unseren günstigen Preisen."},{"name":"keywords","value":"Sonderangebote, Schnäppchen, billig, günstig, Bio, Biowaren, Naturkosmetik, Shampoos, Creme, Cremes, Haarpflege, öko, kaufen, online, auswahl, schneller versand, Schnäppchen, Naturkost, bestellen, Reformhaus, bio"},{"name":"robots","value":"INDEX,FOLLOW"}],"uri":{"protocol":"http","domain":"de.naturpaket.","url":"http://naturpaket.de/aktionswelt/schoenheitswelt.html?manufacturer=82"}}},{"_index":"de_content_201410","_type":"resourceQ","_id":"http://helferboard.de/bb/index.php/memberslist/?letter=a&s=17b4c38e6744433463796436cd4cfd458a79475f&sortfield=wbbposts&sortorder=desc","_score":1.0, "_source" : {"body":" Anmelden oder registrieren Benutzername oder E-Mail-Adresse Sind Sie bereits registriert? Nein, ich möchte mich jetzt registrieren. Ja, mein Kennwort lautet: Kennwort Dauerhaft angemeldet bleiben Nur Betreff durchsuchen Ergebnisse als Themen anzeigen Erweiterte Suche Dashboard Forum Mitglieder Letzte Aktivitäten Benutzer online Team-Mitglieder Mitgliedersuche Letzte Aktivitäten Benutzer online Team-Mitglieder Mitgliedersuche Zum Seitenende Schnellnavigation Helferboard » Mitglieder 2.094 1 Seite 1 von 70 2 3 4 5 6 7 … 70 abu Schüler Weiblich aus Sonnenstrand Mitglied seit 19. Dezember 2012 Beiträge 90 Punkte 520 AcersEleven Community Manager Weiblich aus Bielefeld Mitglied seit 8. August 2012 Beiträge 66 Punkte 390 Astirox Community Manager Männlich aus Solingen Mitglied seit 16. Juli 2012 Beiträge 28 Punkte 160 Anne RTL Interactive Mitglied seit 4. April 2013 Beiträge 4 Punkte 20 Athom Anfänger Weiblich aus Düsseldorf Mitglied seit 22. Mai 2013 Beiträge 3 Punkte 25 Ara Anfänger Mitglied seit 13. August 2012 Beiträge 1 Punkte 5 AngelBlai Mitglied seit 18. Dezember 2013 ArturoSch Männlich 32 aus Gummern, Austria Mitglied seit 18. Dezember 2013 Website Anne5501 Weiblich 49 aus East Wittering, United Kingdom Mitglied seit 18. Dezember 2013 Website AlizaShoe Männlich 43 aus Roux-Miroir, Belgium Mitglied seit 18. Dezember 2013 Website AlizaDevi Männlich 47 aus St Catharines, Canada Mitglied seit 18. Dezember 2013 Website AustinEfx Weiblich 52 aus Golden United States Mitglied seit 18. Dezember 2013 Website Archer35D Mitglied seit 18. Dezember 2013 AlbertAlv Männlich 53 aus Undrom, Sweden Mitglied seit 18. Dezember 2013 Website AustinWar Mitglied seit 18. Dezember 2013 AdelaideW Mitglied seit 18. Dezember 2013 Antonetta Männlich 31 aus Bourg-En-Bresse, France Mitglied seit 18. Dezember 2013 Website AngelicaS Weiblich 32 aus Fleury-Les-Aubrais, France Mitglied seit 18. Dezember 2013 Website AnnmarieI Mitglied seit 18. Dezember 2013 AngieShir Weiblich 45 aus Kobenhavn V, Denmark Mitglied seit 18. Dezember 2013 Website AdrieneRo Männlich 38 aus Black Heddon; United Kingdom Mitglied seit 18. Dezember 2013 Website AnnLei Mitglied seit 18. Dezember 2013 AugustCon Mitglied seit 18. Dezember 2013 AgustinPo Weiblich 24 aus Daiting Germany Mitglied seit 18. Dezember 2013 Website Azucena06 Weiblich 35 aus Rivergaro Italy Mitglied seit 18. Dezember 2013 Website AlfredoSo Männlich 36 aus Le Cannet France Mitglied seit 18. Dezember 2013 Website AGADonett Männlich 47 aus Kahibah, Australia Mitglied seit 18. Dezember 2013 Website AlisiaBri Männlich 33 aus Fontenay-Aux-Roses France Mitglied seit 18. Dezember 2013 Website Alecia482 Weiblich 38 aus Reading Street, Great Britain Mitglied seit 18. Dezember 2013 Website Alfredo09 Männlich 29 aus Retreat Australia Mitglied seit 18. Dezember 2013 Website 1 Seite 1 von 70 2 3 4 5 6 7 … 70 Helferboard » Mitgliedersuche Anfangsbuchstabe # A B C D E F G H I J K L M N O P Q R S T U V W X Y Z Alle Sortierung Benutzername Registrierungsdatum Punkte Erhaltene Likes Beiträge aufsteigend absteigend Neueste Mitglieder pistolixo 23. April 2014, 09:12 natpisk 2. April 2014, 13:13 janinejaqueline 15. März 2014, 10:49 Spicy_Dog 14. März 2014, 16:55 Patricia13 10. März 2014, 11:58 Aktivste Mitglieder Tanja 5.495 Punkte Fatamorgana82 2.881 Punkte Mariposa 2.755 Punkte Jany82 2.521 Punkte Bijou 1.827 Punkte Zum Seitenanfang 6. Juli 2014, 03:32 Forensoftware: Burning Board®, entwickelt von WoltLab® GmbH ","title":"Mitglieder - Helferboard","desc":null,"details":{"length":3470,"language":"de","date":"2014/10/31 16:18:39","type":"text/html","country":""},"crawling":{"duration":"1","date":"2014/10/31 16:18:39"},"metas":[{"name":"viewport","value":"width=device-width, initial-scale=1"},{"name":"format-detection","value":"telephone=no"},{"name":"description","value":""},{"name":"keywords","value":""},{"name":"og:site_name","value":"Helferboard"}],"uri":{"protocol":"http","domain":"de.helferboard.","url":"http://helferboard.de/bb/index.php/memberslist/?letter=a&s=17b4c38e6744433463796436cd4cfd458a79475f&sortfield=wbbposts&sortorder=desc"}}},{"_index":"de_content_201410","_type":"resourceQ","_id":"http://united-anime.de/jgs_portal_box.php?id=56&sid=2eb89946efbc7fc3a192dddeaeb177ef","_score":1.0, "_source" : {"body":"     UR-Radio » Wunsch/Gruß » Hallo Gast [ Anmelden| Registrieren] Wunsch/Gruß Seitenauswahl: Bitte wählen -------------------- Events FAQ Games und Co Link us Portal Sendeplan Anime Sendeplan Main Sendeplan Rock Supported Bands Powered by JGS-Portal Version 3.1.0 © 2002-2005 www.jgs-xa.de Please visit our Sponsor Please visit our Partner Impressum Forensoftware: Burning Board 2.3.6, entwickelt von WoltLab GmbH ","title":"UR-Radio | Wunsch/Gruß","desc":null,"details":{"length":415,"language":"de","date":"2014/10/31 16:18:36","type":"application/xhtml+xml","country":""},"crawling":{"duration":"1","date":"2014/10/31 16:18:36"},"metas":[],"uri":{"protocol":"http","domain":"de.united-anime.","url":"http://united-anime.de/jgs_portal_box.php?id=56&sid=2eb89946efbc7fc3a192dddeaeb177ef"}}},{"_index":"de_content_201410","_type":"resourceQ","_id":"http://rheinneckarblog.de/tag/debatte","_score":1.0, "_source" : {"body":" Donnerstag, 03. Juli 2014 Impressum Twitter RSS Rheinneckarblog Nachrichten & Informationen In eigener Sache Artikel Dokumentation Faktencheck Kolumnen Kurznachrichten Meinung Sport Service Termine Vereine Verkehr Kultur & Bildung Bildung Kultur Politik & Wirtschaft Politik Wirtschaft Nachbarschaft Dossenheimblog.de Edingenneckarhausenblog.de Heddesheimblog.de Hemsbachblog.de Hirschbergblog.de Ilvesheimblog.de Ladenburgblog.de Laudenbachblog.de Schriesheimblog.de Viernheimblog.de Weinheimblog.de Freundeskreis Aktuelle Seite: Startseite Archive für Debatte Kritik der reinen UnmÃ¼ndigkeit Geprothmannt: Eine “grasse” Debatte 16. April 2012 verÃ¶ffentlicht von Redaktion 1 Kommentar   Rhein-Neckar, 16. April 2012. (red/pro) Was stimmt mit uns Deutschen nicht? KÃ¶nnen wir nicht normal sein? Einfach mit Kritik umgehen? Uns ihr stellen, mit ihr an uns arbeiten? Der Schriftsteller GÃ¼nter Grass hat mit seinem Beitrag den Nerv einer chronisch leidenden Gesellschaft getroffen und das ist gut so. Die Debatte erreicht jede Stadt, jedes Dorf in Deutschland. Sie sollte jeden Stammtisch und jede Familie, jeden Menschen erreichen, denn die Zeit ist lÃ¤ngst reif dafÃ¼r. Von Hardy … [Weiterlesen...] Kategorie: Artikel, Kolumnen, Kultur & Bildung, Meinung, Nachrichten, Politik, Politik & Wirtschaft Stichworte: Angela Merkel, Antisemitismus, Bundeskanzlerin, Debatte, Demokratie, Diskussion, Eli Jischai, Erstschlag, Gedicht, GÃ¼nther Grass, historische Schuld, Israel, Literatur, Literaturnobelpreis, Massenvernichtung, Meinung, Naher Osten, Nobelpreis, Tabu, Waffen-SS, Weltfrieden, Zweitschlag Darf man Rechte mit Eiern bewerfen? Willkommen beim \"GeschwÃ¤tz\" Geprothmannt: Bagatell- vs. Kollateralschaden Fundstellen-Archiv 17. Mai 2011 verÃ¶ffentlicht von Kommentar verfassen Guten Tag! Rhein-Neckar, 17. MÃ¤rz 2011 (red) In der linken Spalte posten wir immer wieder interessante \"Fundstellen\" im Netz, die teils mit unserer Berichterstattung korrespondieren oder Informationen zu aktuellen Debatten oder Themen haben. Den Fundstellen-Kasten rÃ¤umen wir ab und an auf, Ã¤ltere Fundstellen wandern das ins Archiv - also diesen Artikel hier. Wie immer nach dem Blogprinzip finden sich oben die jÃ¼ngsten Funstellen und weiter unten die Ã¤lteren. Wenn Sie selbst interessante … [Weiterlesen...] Kategorie: Artikel, Dokumentation Stichworte: Debatte, Fundstelle, Information, Internet, Link Unsere Partner Neueste Kommentare hardyprothmann bei ZÃ¤hlt sexuelle IdentitÃ¤t mehr als der Mensch? tillupp bei Verteidigung beantragt Revision gegen Urteil Demokrat bei Verteidigung beantragt Revision gegen Urteil Ex-Sportmuffel bei Neues Projekt â€žBewegungstreffs im Freienâ€œ lÃ¤uft an tillupp bei Um Anmeldung wird gebeten tillupp bei Lebenslange Freiheitsstrafe fÃ¼r den MÃ¶rder von Gabriele Z. Demokrat bei Lebenslange Freiheitsstrafe fÃ¼r den MÃ¶rder von Gabriele Z. Gustav Gans bei “Verbotene FrÃ¼chte” – die kaputte Welt des SexualmÃ¶rder Emil S. Kurznachrichten BÃ¼cherflohmarkt in Feudenheim GÃ¼nstiger Lesestoff fÃ¼r den Urlaub Auch Kfz-ZulassungsbehÃ¶rden keine Sprechzeiten! Landratsamt am Freitag geschlossen Ab 07. Juli tÃ¤glich von 10:00 bis 21:00 Uhr geÃ¶ffnet LÃ¤nger schwimmen im Freizeit-Bad TiergartenstraÃŸe Polizei nimmt jugendliche Brandstifter fest “Aus Langeweile” Feuer gelegt Sechs- bis acht MÃ¤nner mit BaseballschlÃ¤gern bewaffnet Ãœberfallen und verprÃ¼gelt Alle Kurznachrichten Kontakt zur Redaktion Passiert gerade etwas Besonderes? Gibt es ein Thema, Ã¼ber das wir berichten sollten? Festnetz: 0621/ 437 458 30 Mobil: 0157/ 3925 2626 email: redaktion@rheinneckarblog.de Anzeige Folge uns! Anzeige Folge uns! Anzeige Neueste Tweets (ae) Das Hochbeet zwischen dem ReiÃŸ-Engelhorn-Museum und dem Rathaus erstrahlt in neuer Farbe. Nachdem es zwei... http://t.co/OnZ2bNdqin Yesterday at 18:00 (ae) Die Kommunen haben ein \"blaues Problem\". http://t.co/FpE03YfH4N Yesterday at 16:11 (ae) Die Polizei konnte ein Kilogramm Kokain sicherstellen.... http://t.co/BHJXie58Kv Yesterday at 16:08 (ae) Bewerbungen fÃ¼r den Landesnaturschutzpreis 2014 sind bis zum 01. August mÃ¶glich.... http://t.co/74DwezvB8o Yesterday at 08:00 (ms) Nachdem der MÃ¶rder von Gabriele Z. zu lebenslanger Haft und anschlieÃŸender Sicherheitsverwahrung verurteilt... http://t.co/Mxo9sd8uY6 1. Juli 2014 18:22 Finden Sie uns auf Twitter Anzeige Google Plus In eigener Sache Anzeige Mach mit! Das Rheinneckarblog ist eine offene Plattform. Wir informieren Ã¼berwiegend mit eigenen Artikeln, verÃ¶ffentlichen aber gerne interessante Informationen von Vereinen, Gruppen, Parteien, Einzelpersonen. Wer von diesem Angebot Gebrauch machen will, der schickt seinen Beitrag oder Fotos ganz einfach an: info@rheinneckarblog.de Das gleiche gilt fÃ¼r Veranstaltungshinweise. Wer gerne seinen Termin eintragen lassen will in den Terminkalender: termine@rheinneckarblog.de Telefonisch erreichen Sie uns unter 0621 / 437 548 30. (Einen Anspruch auf VerÃ¶ffentlichung gibt es nicht.) SchlagwÃ¶rter-Wolke Ausstellung Baden-WÃ¼rttemberg Brand BÃ¼ndnis90/Die GrÃ¼nen BÃ¼rgermeister CDU Diebstahl Eckart WÃ¼rzner Ermittlungen Fahndung Feuerwehr Gemeinderat Heddesheim Heidelberg Innenstadt Klinik Krankenhaus Kriminalpolizei KÃ¶rperverletzung Ladenburg Lothar Quast Ludwigshafen Luisenpark Mannheim Neckarstadt OberbÃ¼rgermeister Peter Kurz Polizei Raub Rhein-Neckar-Verkehr GmbH RNV Sachschaden Schwetzingen Sinsheim SPD Sperrung Staatsanwaltschaft StraÃŸenbahn Umleitung Unfall Verkehr Verkehrsunfall Weinheim Wiesloch Zeugenaufruf Nachrichten aus der Nachbarschaft Interessantes aus der Umgebung Literatour mit Stefan Ackermann am Anglersee ( Viernheimblog) Lust aufs Grillen? ( Viernheimblog) Weitere Standorte fÃ¼r FlÃ¼chtlingsunterkunft im Blick ( Weinheimblog) Sessel fÃ¤ngt Feuer ( Weinheimblog) Landratsamt am Freitag geschlossen ( Schriesheimblog) Landratsamt am Freitag geschlossen ( Dossenheimblog) Landratsamt am Freitag geschlossen ( EdNe-blog) Landratsamt am Freitag geschlossen ( Ladenburgblog) Landratsamt am Freitag geschlossen ( Heddesheimblog) Kommunen weiter mit â€œblauem Problemâ€� ( Schriesheimblog) Kommunen weiter mit â€œblauem Problemâ€� ( Heddesheimblog) Nachbarschaft Dossenheimblog Edingenneckarhausenblog Heddesheimblog Hemsbachblog Hirschbergblog Ilvesheimblog Ladenburgblog Laudenbachblog Schriesheimblog Viernheimblog Weinheimblog Artikelarchiv nach Monaten WÃ¤hle den Monat Juli 2014  (21) Juni 2014  (148) Mai 2014  (191) April 2014  (160) MÃ¤rz 2014  (166) Februar 2014  (147) Januar 2014  (173) Dezember 2013  (125) November 2013  (162) Oktober 2013  (169) September 2013  (174) August 2013  (147) Juli 2013  (212) Juni 2013  (208) Mai 2013  (147) April 2013  (170) MÃ¤rz 2013  (132) Februar 2013  (192) Januar 2013  (179) Dezember 2012  (121) November 2012  (242) Oktober 2012  (329) September 2012  (396) August 2012  (264) Juli 2012  (252) Juni 2012  (151) Mai 2012  (180) April 2012  (155) MÃ¤rz 2012  (167) Februar 2012  (89) Januar 2012  (66) Dezember 2011  (37) November 2011  (43) Oktober 2011  (48) September 2011  (50) August 2011  (11) Juli 2011  (71) Juni 2011  (48) Mai 2011  (78) April 2011  (48) MÃ¤rz 2011  (104) Februar 2011  (53) Januar 2011  (72) Kategorien Anzeige (42) Nachrichten (6.077) Artikel (3.836) Dokumentation (106) Faktencheck (60) Kolumnen (84) Kultur & Bildung (957) Bildung (341) Kultur (761) Meinung (128) Politik & Wirtschaft (1.504) Politik (1.138) Wirtschaft (725) Service (163) Sport (152) Termine (412) Vereine (117) Verkehr (388) Gastbeitrag (3) Kurznachrichten (2.285) Landtagswahl 2011 (62) Top-Thema (5) Folge uns! Freundeskreis Sie mÃ¶chten unsere Arbeit unterstÃ¼tzen? Gerne :-) Hier Mitglied werden Wie funktioniert dieses Blog? Anleitung fÃ¼r neue Leser Diskussions- und Kommentarfunktion DISQUS Netiquette Werben Wenn Sie auf der Stimme werben mÃ¶chten, schreiben Sie uns eine Mail an: Ich mÃ¶chte werben Wir sind gerne bereit uns persÃ¶nlich mit Ihnen zu treffen und die verschiedenen MÃ¶glichkeiten mit Ihnen zu besprechen. Mehr erfahren Sie hier Jobs bei uns Wir suchen freie Mitarbeiter fÃ¼r Redaktion, Foto/Video, Vertrieb. Mehr Informationen finden Sie hier. Das ist das Rheinneckarblog. Kurz gesagt: Nachrichten und Informationen aus und Ã¼ber die Region Rhein-Neckar, also Nordbaden, SÃ¼dhessen und die Pfalz am Rhein. Ein modernes Medium, das die Leserinnen und Leser als Menschen respektiert. Hier darf jeder schreiben, der etwas zu sagen hat - Vereine, Initiativen, politisch Interessierte. Wir Ã¼bernehmen die Redaktion und bieten eine sehr gute Reichweite. Wir wollen fÃ¼r und mit den Menschen in der Region etwas bewegen und zu Diskussionen anregen. Sie sind herzlich eingeladen, sich zu beteiligen. GeflÃ¼ster Sie wollen nicht selbst schreiben, Ihnen brennt aber trotzdem ein Thema unter den FingernÃ¤gel. Dann melden Sie sich bei uns. Wir gehen der Sache nach. SelbstverstÃ¤ndlich schÃ¼tzen wir unsere \"Informanten\". Einfach eine Mail an: chefredaktion at rheinneckarblog.de Gerne treffen wir uns mit Ihnen auch persÃ¶nlich! Vernetzter Journalismus Das Netzwerk von istlokal.de umfasst lokale und regionale journalistische Angebote, die unabhÃ¤ngig von Zeitungsverlagen umfassend vor Ort informieren. Nach oben Urheberrecht © 2014 Rheinneckarblog ","title":"Debatte","desc":null,"details":{"length":9225,"language":"de","date":"2014/10/31 16:18:37","type":"application/xhtml+xml","country":""},"crawling":{"duration":"1","date":"2014/10/31 16:18:37"},"metas":[{"name":"robots","value":"noindex,noodp,noydir"},{"name":"og:image","value":"http://www.rheinneckarblog.de/files/2012/04/grass_slider-041009.jpg"},{"name":"google-site-verification","value":"HUanFTKp-9pK5zg8O-nDyYjhskkOt7YVZOuOo3PnNNU"}],"uri":{"protocol":"http","domain":"de.rheinneckarblog.","url":"http://rheinneckarblog.de/tag/debatte"}}},{"_index":"de_content_201410","_type":"resourceQ","_id":"http://djkherdorf.de/jkb-archiv/1990-1999/047-1992.jpg/image_view_fullscreen","_score":1.0, "_source" : {"body":" Zurück ","title":"047 - 1992.jpg","desc":null,"details":{"length":8,"language":"en","date":"2014/10/31 16:18:39","type":"application/xhtml+xml","country":""},"crawling":{"duration":"1","date":"2014/10/31 16:18:39"},"metas":[],"uri":{"protocol":"http","domain":"de.djkherdorf.","url":"http://djkherdorf.de/jkb-archiv/1990-1999/047-1992.jpg/image_view_fullscreen"}}},{"_index":"de_content_201410","_type":"resourceQ","_id":"http://esoterikheaven.de/lebenshilfe-35308655/?brand=neue+erde&sorting=price_asc","_score":1.0, "_source" : {"body":" Suchen in diesem Shop Suchen in diesem Shop Suchen auf Rakuten.de Suchbegriffe Kategorien Anmelden oder Registrieren Merkliste 0 Shopping Cart 0 Home Mehr Esoterik Yoga  (11) Yogamatten  (8) Orakel  (11) Runen  (9) Zubehör  (2) Qi-Gong  (8) Qi-Gong-Kugeln  (8) Radiästhesie  (167) Tensoren  (17) Wünschelruten  (10) Sandpendel  (6) Pendel  (129) Pyramiden  (2) Engel  (14) Glas-Engel  (1) Engeltaler  (12) Meditation & Gebet  (153) Sitzkissen  (36) Tibetische Glocken & Zimbeln  (9) Pranamat Eco  (3) Kristallschädel  (6) Altarzubehör  (11) Tibetische Gebetsfahnen  (8) Gebetsmühlen  (3) Agnihotra  (2) Malas  (8) Narmada Shivalingams  (21) Klangschalen  (46) Symbole  (99) Om-Symbol  (11) Sonnen  (5) Ankh  (3) Lemniskate  (2) Merkaba  (3) Antasira  (5) Blume des Lebens  (63) Magie  (21) Ritualgegenstände  (7) Kristallkugeln  (7) Zauberstäbe  (7) Räuchern Räucherdhoops  (23) Räucherstäbchen  (169) Holy Smokes  (125) Nag Champa  (4) Japan  (11) Tibet  (29) Smudge Sticks  (6) Indianisch  (6) Räucherkegel  (26) Holy Smokes  (15) Ayurveda  (4) Japan  (3) Räuchergefäße  (115) Edel  (5) Keramik  (7) Netzgefäße  (13) Messing  (18) Muschel  (1) Messing massiv  (4) Pracht  (7) Kupfer  (7) Schwenkbar  (10) Speckstein  (9) Gheelampen  (2) Ton  (10) Räucherschnüre  (5) Zubehör  (62) Holztruhen  (7) Räuchersiebe  (7) Duftdosen  (22) Räucherstövchen  (12) Mörser  (4) Räucherbesteck  (5) Aufbewahrungsröhren Tibet  (5) Räucherhalter  (131) Räucherstäbchen und -kegel  (22) Räucherkegel  (9) Räucherstäbchen  (96) Bücher Ernährung  (169) Ernährungstheorien  (20) Spezielle Ernährungsthemen  (119) Kochen & Backen  (26) Räuchern  (13) Körper- & Schönheitspflege  (8) Geschenkbücher  (16) Elfenhellfer  (15) Gesundheit und Wellness  (521) Süchte  (6) Westliche Heilsysteme  (258) Schmerztherapie  (9) Strahlen & Elektrosmog  (6) Östliche Heilsysteme  (47) Anti-Aging  (7) Wasser  (14) Diagnoseverfahren  (14) Organgesundheit  (72) Geistige Wege  (278) Religionen  (100) Kurs in Wundern  (1) Weisheitslehrer  (103) Findhorn  (1) Naturreligion  (11) Essener  (4) Advaita & Erleuchtung  (29) Theosophie  (9) Haus & Garten  (32) Baubiologie  (3) Feng-Shui  (16) Garten  (7) EM  (3) Vastu  (0) Edelsteinkunde  (46) Steinheilkunde  (26) Hörbücher Autogenes Training  (3) Geführte Meditation  (174) Lebenshilfe  (34) Kinder  (9) Selbsthilfe  (49) Stelzl Diethard  (15) Besinnliches  (5) Fantasiereisen  (7) Musik CD Instrumentalmusik  (37) Klangschalen & Gongs  (6) Piano  (1) Akustische Instrumente  (1) Vokal & Gesang  (16) Didgeridoo  (1) Trommel & Perkussion  (8) Harfe  (1) Flöte  (1) Themen  (217) Tai Chi  (1) Schamanismus  (15) Meditation  (41) Qi-Gong  (1) Tantra & Erotik  (3) Reiki  (11) Mutter Erde Lieder  (8) Yoga  (17) Satsang & Herzgesang  (1) Wellness & Entspannung  (52) Chakra  (8) Engel  (28) Zen  (1) Mantra & Chants  (30) Weltmusik  (10) Indianer  (1) Sufi & Derwisch  (3) Indien  (0) Tibet & Buddhismus  (2) Compilation & Sampler  (1) Kindermusik  (11) Stilrichtungen  (18) Gregorianik & Mittelalter  (1) Ambient  (9) Obertonmusik  (1) Sakral  (3) Keltisch  (0) New Instrumental  (4) Naturgeräusche  (12) Naturgeräusche pur  (7) Naturgeräusche mit Musik  (5) Kosmetik Ayurvedisch  (30) Kajals  (28) Primavera  (11) Gesichtspflege Neroli Cassis  (10) Ingwer Limette  (1) Massageöle  (5) Seifen  (3) Aroma Balsam  (2) Light-of-Nature  (26) Zahnpflege  (3) Gesichtspflege  (119) Primavera Kamille Borretsch  (4) Salbei Traube  (6) Schmuck Themenkategorien  (6) Schutz  (1) Ankh  (3) Chakra  (0) Engel  (1) Magnetschmuck  (1) Bernstein-Schmuck  (66) Splitterketten  (14) Babyketten  (22) Armbänder  (11) Ocean Jewels  (20) Muschelschalen  (5) Schlüsselanhänger  (12) Tragekategorien  (1361) Zubehör  (111) Ringe  (47) Ohrschmuck  (148) Broschen  (6) Ketten  (175) Kristall-Harmonie-Bänder  (27) Armschmuck  (265) Colliers  (22) Anhänger  (560) Aufbewahrung & Verpackung  (141) Geschenkverpackungen  (121) Täschchen  (20) Gesundheit & Wellness Entspannungshilfen  (8) Augenkissen  (8) Massage  (2) Baumessigpflaster  (3) Entstörungshilfen  (12) Hausmittel  (2) Energiebären-Familie  (38) Energieenten  (1) Energiebären  (25) Energiedelfine  (3) Wasseraufbereitung  (49) Vitalsticks  (6) Wassersteine  (36) Joya Energetisierer  (4) Ayurveda  (1) Mineralien Halsreifteile  (670) Design-Steinteile  (49) Kreuze  (6) Facettierte Steine  (8) Donuts  (196) Linsensteine  (50) Rohsteine  (8) Tiere  (51) Mischungen  (3) Kugeln  (33) Herzen  (47) Trommelsteine  (68) Trommelsteine  (13) Mischungen  (7) Rohsteine  (46) Achat  (8) Moqui Marbles  (3) Bergkristall  (1) Sammlungsedition  (27) Amethyst  (1) Chili creative  (1991) Zwischenteile  (387) Feenringe  (147) Fädeln & Knüpfen  (47) Wire Wrapping  (196) Bänder & Schnüre  (186) Arbeiten mit Schmuckdraht  (71) Verschlüsse  (347) Stränge  (436) Werkzeug & Zubehör  (33) Sammlungen  (50) Lapis Vitalis  (501) Flatstones  (12) Alexandersalz  (4) Hot Stones  (9) Massage-Stäbe  (12) Chi-Stimulatoren  (8) Massage-Griffel  (38) Edelstein-Reinigung  (3) Joya  (325) Chakra-Sets  (2) Edelstein Balance  (45) Fire & Ice  (3) Longstones  (3) Polierte Ware  (174) Engel  (25) Tiere  (13) Kugeln  (19) Linsensteine  (24) Seifensteine  (20) Daumensteine  (23) Pyramiden  (7) Herzen  (43) Essenzen Salica Lichtsalze  (15) Engelalm Edelstein Essenzen  (55) Serie 33  (33) Serie Mystik  (8) Serie Kristall  (6) Serie Chakra  (8) Chakra  (14) Öle  (7) Sprays  (7) Engelstropfen Aurasprays  (12) Aurum Indigo  (8) Aura Balance  (9) Kristallschädel  (2) Spirituelle Kunst Poster A4  (1) Poster Großformat  (12) Geschenkartikel Kerzen  (50) Alaya Engelkerzen  (19) Lotuskerzen  (21) Chakra-Kerzen  (1) Postkarten  (30) Schwingungsbilder  (1) Steine  (158) Achat-Mobiles  (6) Stepstones  (21) Steinschnecken  (14) Schlüsselanhänger  (105) Wunscherfüllungs-Steine  (9) Geschenksets Berk  (5) Briefkarten  (10) Besinnliches Schreibbücher  (8) Spiele Haus & Garten Ökol. Wasch- und Putzmittel  (7) Wohnaccessoires  (287) Feng Shui  (104) Buchstützen  (2) Teelichter  (7) Figuren & Statuen  (174) Neue Medien Filme auf DVD  (175) Spielfilme  (5) Musikfilme  (1) Dokumentation  (15) DVD ab 16  (1) Vortrag  (29) Software  (2) Düfte Airsprays  (29) Primavera  (29) Geschenksets  (6) Zubehör  (3) Raumbeduftung  (51) Alabaster Duftleuchten  (3) Duftbrunnen  (4) Duftsteine  (11) Duftlampen elektrisch  (9) Duftlampen  (24) Ätherische Öle  (217) Primavera  (171) Berk  (22) Duftmischungen  (33) Berk  (7) Primavera  (26) Eukawohl  (2) Basisöle  (22) Ernährung Nahrungsmittel  (11) Süßigkeiten  (4) Algenprodukte  (6) Tees  (0) Nahrungsergänzung  (109) Nahrungsergänzungsmittel  (109) Küchengeräte  (3) Vita-Mix  (3) Kategorien Esoterik Yoga  (11) Orakel  (11) Qi-Gong  (8) Radiästhesie  (167) Engel  (14) Meditation & Gebet  (153) Symbole  (99) Magie  (21) Einhörner  (4) Räuchern Räucherdhoops  (23) Räucherstäbchen  (169) Smudge Sticks  (6) Räucherkegel  (26) Räuchergefäße  (115) Räucherschnüre  (5) Zubehör  (62) Räucherhalter  (131) Räucherwerk  (254) Bücher Ernährung  (169) Räuchern  (13) Körper- & Schönheitspflege  (8) Geschenkbücher  (16) Gesundheit und Wellness  (521) Geistige Wege  (278) Haus & Garten  (32) Edelsteinkunde  (46) Lebenshilfe  (464) Systemische Aufstellungen  (12) Angst & Depression  (11) NLP  (3) Märchenkunde  (40) Mentaltraining & positives Denken  (25) Frauenliteratur  (48) Stressbewältigung  (19) Affirmation & Visualisation  (14) Autogenes Training  (1) Essenzen  (33) Esoterik  (1625) Partnerschaft & Familie  (271) Grenzwissenschaft  (68) Aromakunde  (10) Besinnliches  (78) Andere Weltanschauungen  (29) Spirituelle Kunst  (2) Hörbücher Autogenes Training  (3) Geführte Meditation  (174) Lebenshilfe  (34) Kinder  (9) Selbsthilfe  (49) Besinnliches  (5) Fantasiereisen  (7) Musik CD Instrumentalmusik  (37) Themen  (217) Weltmusik  (10) Compilation & Sampler  (1) Kindermusik  (11) Stilrichtungen  (18) Naturgeräusche  (12) Kosmetik Ayurvedisch  (30) Primavera  (11) Massageöle  (5) Seifen  (3) Aroma Balsam  (2) Light-of-Nature  (26) Zahnpflege  (3) Gesichtspflege  (119) Körperlotionen  (8) Körperöle  (24) Badeöle  (5) Haarpflege  (0) Duschbäder  (5) Kristallsalzbäder  (3) Goldkosmetik  (2) Schmuck Themenkategorien  (6) Bernstein-Schmuck  (66) Ocean Jewels  (20) Tragekategorien  (1361) Aufbewahrung & Verpackung  (141) Gesundheit & Wellness Entspannungshilfen  (8) Massage  (2) Baumessigpflaster  (3) Entstörungshilfen  (12) Hausmittel  (2) Energiebären-Familie  (38) Wasseraufbereitung  (49) Ayurveda  (1) Ohrkerzen  (8) Mineralien Halsreifteile  (670) Trommelsteine  (13) Rohsteine  (46) Chili creative  (1991) Sammlungen  (50) Lapis Vitalis  (501) Polierte Ware  (174) Essenzen Salica Lichtsalze  (15) Engelalm Edelstein Essenzen  (55) Chakra  (14) Engelstropfen Aurasprays  (12) Aurum Indigo  (8) Aura Balance  (9) Kristallschädel  (2) Spirituelle Kunst Poster A4  (1) Poster Großformat  (12) Geschenkartikel Kerzen  (50) Postkarten  (30) Steine  (158) Geschenksets Berk  (5) Briefkarten  (10) Besinnliches Schreibbücher  (8) Spiele Haus & Garten Ökol. Wasch- und Putzmittel  (7) Wohnaccessoires  (287) Neue Medien Filme auf DVD  (175) Software  (2) Düfte Airsprays  (29) Geschenksets  (6) Zubehör  (3) Raumbeduftung  (51) Ätherische Öle  (217) Duftmischungen  (33) Eukawohl  (2) Basisöle  (22) Aroma Roll-On  (6) Pflanzenwässer  (3) Aroma Sauna  (8) Ernährung Nahrungsmittel  (11) Tees  (0) Nahrungsergänzung  (109) Küchengeräte  (3) Uns können Sie vertrauen ! Trusted Shops Geprüft und zertifiziert Zertifikat aufrufen Zahlen Sie wie Sie möchten! Call us ! +49 (0)89 76979888 Mo-Fr 10.00 Uhr - 18.00 Uhr Startseite Bücher Bücher Ernährung Räuchern Körper- & Schönheitspflege Geschenkbücher Gesundheit und Wellness Geistige Wege Haus & Garten Edelsteinkunde Lebenshilfe Essenzen Esoterik Partnerschaft & Familie Grenzwissenschaft Aromakunde Besinnliches Andere Weltanschauungen Spirituelle Kunst Lebenshilfe Lebenshilfe Systemische Aufstellungen Angst & Depression NLP Märchenkunde Mentaltraining & positives Denken Frauenliteratur Stressbewältigung Affirmation & Visualisation Autogenes Training Hersteller: Neue Erde Sortierung: Preis: niedrigster zuerst Lebenshilfe ↓ Preis Standard Bewertungen Preis: niedrigster zuerst Preis: höchster zuerst Name: A-Z Name: Z-A Neue Erde Alle Marken AT Verlag Allegria Verlag Amra Verlag Aquamarin Verlag Arbor Verlag Arun Verlag Aurinia Verlag Aurum Verlag Chiron Verlag Crotona Verlag Droemer Knaur Engelalm, Oberndorf Fischer Taschenbuch Verlag Freya Verlag Giger Verlag, Altendorf Goldmann Taschenbuch Verlag Goldmann Verlag (HC) Grommet Verlag Heyne Verlag Horizon Film Innenwelt Verlag Integral Verlag Iris Verlag Irisiana Verlag JOY Verlag Kailash Verlag Kamphausen Verlag Koha Königsfurt-Urania Verlag Labyrinth Verlag Limarutti Verlag Lüchow Macht der Gedanken Verlag Mankau Verlag Michaels Verlag & Vertriebs Neue Erde Nietsch Verlag Nymphenburger Verlag Param Verlag RiWei-Verlag Roberto & Philippo Verlag Roh-Ark-Verlag Saint Germain Verlag Schirner Verlag Scorpio Verlag Self-Realization Fellowship Sheema Medien Verlag Silberschnur Verlag Smaragd Verlag Südwest Verlag Theseus Verlag Trinity Verlag Ullstein Taschenbuch Verlag VAK Verlag Verlag Via Nova VerlagM Windpferd Verlag systemed Helliwell, Tanis - Mit der Seele arbeiten 19,90 € Über uns Zahlungsmöglichkeiten Unser Blog Newsletter abonnieren Kontakt Specials Startseite Newsletter Reduziert Blog Bezahlung Willkommen Herzlich willkommen in unserem Shop! Wenn Sie fragen haben, rufen Sie uns einfach an oder schreiben Sie uns. Wir freuen uns auf Ihren Anruf und beraten Sie gerne! Service und Beratung +49 (0)89 76979888 Mo-Fr 10.00 Uhr - 18.00 Uhr Informiert bleiben Unser Newsletter Profitieren Sie von aktuellen Angeboten, Aktionen und Gutscheinen! Unser Newsletter X Leider konnten wir Sie nicht erfolgreich registieren. Bitte versuchen Sie es später noch einmal. Oops! Nicht alle Eingaben waren korrekt. Versuchen Sie es noch einmal! Vielen Dank! Sie haben sich erfolgreich für unseren Newsletter registriert. Frau Herr Oops! Sie haben keinen Vornamen eingegeben. Versuchen Sie es noch einmal! Oops! Sie haben keinen Nachnamen eingegeben. Versuchen Sie es noch einmal! Oops! Sie haben eine ungültige E-Mail Adresse eingegeben. Versuchen Sie es noch einmal! Anmelden Ihre Vorteile bei uns: Portofreier Versand ab 80 Euro Bestellwert -Versicherter DHL Versand -Schneller Versand-Viele Zahlungsarten-Trusted Shops Käuferschutz Warum können Sie bei uns sicher einkaufen? Impressum AGB Datenschutz Kontakt Kundeninformation Trusted Shops Händlerbewertung für Esoterikheaven: 4.40 von 5 Sternen aus insgesamt 5 Bewertungen. ","title":"Bücher Lebenshilfe online kaufen | Esoterikheaven","desc":"Esoterikheaven - Ihr geprüfter Online Shop von Rakuten – Trusted Shop zertifiziert & sicher – Geld-Zurück-Garantie – Bis zu 11 sichere Zahlungsarten","details":{"length":12612,"language":"de","date":"2014/10/31 16:18:39","type":"text/html","country":""},"crawling":{"duration":"1","date":"2014/10/31 16:18:39"},"metas":[{"name":"description","value":"Esoterikheaven - Ihr geprüfter Online Shop von Rakuten – Trusted Shop zertifiziert & sicher – Geld-Zurück-Garantie – Bis zu 11 sichere Zahlungsarten"},{"name":"keywords","value":"Bücher Lebenshilfe"},{"name":"robots","value":"index, follow"},{"name":"google-site-verification","value":"bzzSy2lkxQrUDwsjPpoduzdCerKOYamTMLPORM4fr_I"},{"name":"viewport","value":"width=1000"}],"uri":{"protocol":"http","domain":"de.esoterikheaven.","url":"http://esoterikheaven.de/lebenshilfe-35308655/?brand=neue+erde&sorting=price_asc"}}},{"_index":"de_content_201410","_type":"resourceQ","_id":"http://fate2.de/fate2faq/calendar_scheduler.php?d=1405263600&mode=hour&sid=0bb05730251460de7bfe858b57cf2d72","_score":1.0, "_source" : {"body":"   FAQ  •  Suchen  •  Einstellungen  •  Benutzergruppen  •  Registrieren  •  Profil  •  Einloggen, um private Nachrichten zu lesen  •  Login Kalender  Kalender Mi 02.07.2014 Do 03.07.2014 Fr 04.07.2014 Sa 05.07.2014 So 06.07.2014 Mo 07.07.2014 Di 08.07.2014 Fate2 FAQ Foren-Übersicht »  Planer Alle Ereignisse 00 01 02 03 04 05 06 07 08 09 10 11 12 13 14 15 16 17 18 19 20 21 22 23 Mo Di Mi Do Fr Sa So   «  Januar Februar März April Mai Juni Juli August September Oktober November Dezember 1971 1972 1973 1974 1975 1976 1977 1978 1979 1980 1981 1982 1983 1984 1985 1986 1987 1988 1989 1990 1991 1992 1993 1994 1995 1996 1997 1998 1999 2000 2001 2002 2003 2004 2005 2006 2007 2008 2009 2010 2011 2012 2013 2014 2015 2016 2017 2018 2019 2020 2021 2022 2023 2024 2025 2026 2027 2028 2029 2030 2031 2032 2033 2034 2035 2036 2037 2038 2039 2040 2041 2042 2043 2044 2045 2046 2047 2048 2049 2050 2051 2052 2053 2054 2055 2056 2057 2058 2059 2060 2061 2062 2063 2064 2065 2066 2067 2068 2069   »    1 2 3 4 5 6 7 8 9 10 11 12 13 14 15 16 17 18 19 20 21 22 23 24 25 26 27 28 29 30 31       Kalender    Vom 13th Juli 2014, 17:00 bis 13th Juli 2014, 17:59   Antworten   Autor   Aufrufe   Letzter Beitrag  Keine Beiträge entsprechen deinen Kriterien. Fate2 FAQ Foren-Übersicht |--Fate 2 - Ankündigungen |   |--Fate 2 Informationen |--Allgemeine Informationen |   |--Informationsforum |   |--Allgemeines Forum   Gehe zu:  Forum auswählen Fate2 FAQ Foren-Übersicht |--Fate 2 - Ankündigungen |   |--Fate 2 Informationen |--Allgemeine Informationen |   |--Informationsforum |   |--Allgemeines Forum   Alle Zeiten sind GMT + 1 Stunde 165 Angriffe abgewehrt Powered by phpBB2 Plus, Artikelweb and Kostenloses Forum based on phpBB © 2001/6 phpBB Group :: FI Theme :: Mods und Credits ","title":"Fate2 FAQ :: Planer","desc":null,"details":{"length":1767,"language":"de","date":"2014/10/31 16:18:39","type":"application/xhtml+xml","country":""},"crawling":{"duration":"1","date":"2014/10/31 16:18:39"},"metas":[],"uri":{"protocol":"http","domain":"de.fate2.","url":"http://fate2.de/fate2faq/calendar_scheduler.php?d=1405263600&mode=hour&sid=0bb05730251460de7bfe858b57cf2d72"}}},{"_index":"de_content_201410","_type":"resourceQ","_id":"http://mamki.de/viewtopic.php?p=89793&sid=fe70868dfebe0b7330aa6b324fef9372","_score":1.0, "_source" : {"body":" роддома отзывы детские   клубы полезные   статьи форум Обратная связь  •   Регистрация   •   Вход Добро пожаловать! Имя пользователя: Пароль: Автоматически входить при каждом посещении Забыли пароль? Вам сюда!!   Обратите внимание ВНИМАНИЕ!!! Разыскиваются русские школы, клубы, садики!!! Cкидка 7% на русские книги Линеечки для нашего сайта Правила форума. 17.11.2011 Как стать \"Жителем форума\"? Как добавить фото или картинку в сообщение? Разговоры на форуме: Беременные Мамочки 3 viktorija 06.07.2014 19:45 Знакомство и совместные прогулки Vida 06.07.2014 16:17 Знакомимся в Баварии romashka 06.07.2014 15:37 Отказ от прививок?! wika 06.07.2014 10:56 ищу подругу в ганновере Катерина 1313 05.07.2014 23:30 Ищу подруг stuttgart winnenden felbach schondorf Юлианка 05.07.2014 13:39 Ищу подружек. Берлин Yanchik 04.07.2014 09:26 Советы потребителей Темная 04.07.2014 00:05 Чем занимаемся для души? viktorija 03.07.2014 21:19 Обследования во время беременности. Темная 03.07.2014 21:08 Наш календарь Поиск на всём сайте: Расширенный поиск Сейчас на конференции Natik767 taisa В нашей базе данных... можно найти роддома, клиники, детские сады и школы рядом с домом Поиск по индексу (PLZ): Поиск по городу Социальные сети... Наши социальные группы   Прочие полезности: FAQ Очистить cookies Версия для печати Текущее время: 06.07.2014 20:01 Часовой пояс: UTC + 1 час [ Летнее время ] KINDER.RU Интернет для детей Форумы « Мамочки Германии, объединяйтесь! « Будем знакомы! Тема : Мамочки Гамбурга! :) Знакомимся, рассказываем о себе Ответить Сообщений: 109 • Страница 5 из 6 • 1 , 2 , 3 , 4 , 5 , 6 04.12.2013 10:42 Anik писал(а):страааанненько это, что ниче не получали, я уж думаю, обиделись=р ты Zustellbericht не смотрела? Куда-то не туда летят эти смс. Я вот уже пол часа назад тебе контрольную смс заслала, а в отчете пишет: gesendet, noch nicht zugestellt так что обижусь я сейчас на телефон Life is what you make of it... Monellina   Возраст: 31 Имя: Анири Вернуться к началу 04.12.2013 15:22 Monellina писал(а):Тоня, добро пожаловать а вы откуда переезжаете? За садики не волнуйтесь - в Гамбурге с местами проблем нет. Качество садиков конечно в целом оставляет желать лучшего, но наверняка есть и исключения Для начала нужно будет в югендамте получить китагутшайн, а потом идете и выбираете какой садик вам больше нравится. Спасибо! Мы из Одессы ))) Столько ругательных слов написали )) надеюсь разберусь на месте ))) Melamori   Возраст: 30 Откуда: Одесса\\Гамбург Имя: Антонина Вернуться к началу 05.12.2013 14:13 Привет, мамочки! скажите, пожалуйста, где вы гуляете с малышами в такую погоду, когда холодно и часто дожди? allyanka   Возраст: Имя: Алла Вернуться к началу 05.12.2013 14:50 allyanka писал(а):Привет, мамочки! скажите, пожалуйста, где вы гуляете с малышами в такую погоду, когда холодно и часто дожди? честно говоря, все там же=) На площадках) Но у нас на это не оч много времени, т.к. у нас 3 из 5 рабочих дней после садика и дневного сна физкультура и детская игровая группа. А если нет ничего и погода г...но, то в гости ходим=р Anik   Возраст: 27 Имя: Anik Вернуться к началу 05.12.2013 14:59 а есть в Гамбурге детские площадки не на улицы, в музеях или детские кафе? в гости это очень хороший вариант:) allyanka   Возраст: Имя: Алла Вернуться к началу 06.12.2013 02:30 Привет Мамочки Гамбурга! Буду очень рада новым знакомствам! ЖеняП   Возраст: 35 Откуда: Гамбург Имя: Женя Вернуться к началу 06.12.2013 11:12 Привет, Женя! я тоже всегда рада новым знакомствам:) allyanka   Возраст: Имя: Алла Вернуться к началу 10.12.2013 17:17 и я-и я может кто то близ Neu Wulmstorf обитает-это недалеко от Neugrabena len4ik1982   Возраст: 32 Откуда: Neu Wulmstorf Имя: Elena Вернуться к началу 10.12.2013 18:30 я живу в Хафенсити, посмотрела по карте вроде далековато, 30 минут ехать. но это если я правильно посмотрела:) allyanka   Возраст: Имя: Алла Вернуться к началу 10.12.2013 18:34 Алла, правильно посмотрели, на поезде так и получится примерно. А на машине - как в туннеле будет, но там сейчас и еще на долгое время вперед полный А.П.О.Ж. Anik   Возраст: 27 Имя: Anik Вернуться к началу 10.12.2013 23:07 Обидно:( очень хочется с кем то познакомиться и вместе совершать прогулки с карапузами:) allyanka   Возраст: Имя: Алла Вернуться к началу 10.12.2013 23:15 allyanka писал(а):Обидно:( очень хочется с кем то познакомиться и вместе совершать прогулки с карапузами:) да в Гамбурге русских больше, чем немцев=) У нас в бэбигруппе русских больше, чем всех прочих национальностей=р Давайте все сходим в аквариум или в тропариум, там при любой погоде сухо=) Это С-бан Хагенбек Тирпарк. Мне, правда, без конца надо младшего кормить, но я без комплексов по поводу кормления в общественных местах. Anik   Возраст: 27 Имя: Anik Вернуться к началу 11.12.2013 11:10 было бы здорово:) allyanka   Возраст: Имя: Алла Вернуться к началу 13.12.2013 05:46 Привет))) мы живем Hamburg-Harburg. Для далеких прогулок мы еще маловаты, но у нас рядом есть очень классный парк с озером! добро пожаловать! с удовольствием составим компанию))) а что за бэбигруппа??? ЖеняП   Возраст: 35 Откуда: Гамбург Имя: Женя Вернуться к началу 13.12.2013 09:46 ЖеняП писал(а):а что за бэбигруппа??? типа дельфи, только ез определенного концепта, потому бесплатно=) Всякое такое начинается с 3 месяцев, у Вас еще достаточно времени ознакомиться с местными предложениями, в Харурге много чего есть=) Но советую поторопиться, т.к. оч быстро расходятся места обычно на дельфи и пекип, однако всегда есть фактор везения=) Anik   Возраст: 27 Имя: Anik Вернуться к началу 20.12.2013 11:17 Всем приветик! Мы вроде (тьфутьфутьфу) определились с районом и надеюсь будем жить в Винтерхуде. Есть кто -то поблизости? Melamori   Возраст: 30 Откуда: Одесса\\Гамбург Имя: Антонина Вернуться к началу 21.12.2013 14:16 Melamori писал(а):Всем приветик! Мы вроде (тьфутьфутьфу) определились с районом и надеюсь будем жить в Винтерхуде. Есть кто -то поблизости? приветик!Я тут у вас новенькая, сегодня случайно набрела на страничку, пока не особо много времени, чтобы все перечитать, но я обязательно наверстаю:-D. Я живу недалеко, возле Barmbek Если вам сказали, что ваш поезд ушел, помните - есть еще самолеты и яхты. VikaViktoria   Возраст: 32 Откуда: Беларусь Имя: Viktoria Вернуться к началу 21.12.2013 18:57 VikaViktoria писал(а):Я живу недалеко, возле Barmbek о так это отлично мы на ней самой жить будем..правда это аж весной Melamori   Возраст: 30 Откуда: Одесса\\Гамбург Имя: Антонина Вернуться к началу 26.12.2013 22:02 Привет всем! И я хочу к вам!!! Как это я раньше не знала об этом форуме!?! Мы недавно приехали в Германию, 5 месяцев назад. Моему сынульке 2 года. Видела что тут есть люди из Neu Wulmstorf. Мы тоже тут живём. Очень бы хотела познакомится с вами! Также буду рада знакомству и мамочек из Гамбурга! Да, и с наступающими всех праздниками!!! Nadik1986   Возраст: 27 Откуда: neu wulmstorf Имя: Надежда Вернуться к началу 27.12.2013 11:23 Привет Nadik! Приятно познакомиться! Мы еще не переехали только собираемся..расскажите как прошел переезд, как сынуля воспринял новую обстановку? Melamori   Возраст: 30 Откуда: Одесса\\Гамбург Имя: Антонина Вернуться к началу Пред. След. Показать: Все сообщения 1 день 7 дней 2 недели 1 месяц 3 месяца 6 месяцев 1 год сорт. Автор Размещено Заголовок по возраст. по убыв. Ответить Сообщений: 109 • Страница 5 из 6 • 1 , 2 , 3 , 4 , 5 , 6 Сейчас на конференции Сейчас этот форум просматривают: нет зарегистрированных пользователей Powered by phpBB © phpBB Group Copyright © 2007 - , Mamki.de ","title":"mamki.de : портал для родителей в Германии • Тема - Мамочки Гамбурга! :)","desc":"Наш сайт посвящен рождению ребенка за пределами России. Беременность, роды и воспитание ребенка за границей имеет свои нюансы, свои сложности, свои плюсы и минусы. Об особенностях рождения и воспитания ребенка за рубежом мы приглашаем вас поговорить. Давайте же делится друг с другом материнским опытом, полезной информацией о беременности, родах и воспитании малыша за рубежом.","details":{"length":7511,"language":"ru","date":"2014/10/31 16:18:36","type":"application/xhtml+xml","country":""},"crawling":{"duration":"1","date":"2014/10/31 16:18:36"},"metas":[{"name":"resource-type","value":"document"},{"name":"distribution","value":"global"},{"name":"copyright","value":"mamki.de"},{"name":"author","value":"Kirill Grigoryev"},{"name":"keywords","value":"роды,беременность,зачатие,тест,груднички,игры,мама,развитие,стишки,потешки,раннее развитие,роддом,здоровье,сроки,триместр,календарь беременонсти,медицинские советы,рождение,германия,советы,плод,овуляция,ребенок,кормление"},{"name":"abstract","value":"Наш сайт посвящен рождению ребенка за пределами России. Беременность, роды и воспитание ребенка за границей имеет свои нюансы, свои сложности, свои плюсы и минусы. Об особенностях рождения и воспитания ребенка за рубежом мы приглашаем вас поговорить. Давайте же делится друг с другом материнским опытом, полезной информацией о беременности, родах и воспитании малыша за рубежом."},{"name":"description","value":"Наш сайт посвящен рождению ребенка за пределами России. Беременность, роды и воспитание ребенка за границей имеет свои нюансы, свои сложности, свои плюсы и минусы. Об особенностях рождения и воспитания ребенка за рубежом мы приглашаем вас поговорить. Давайте же делится друг с другом материнским опытом, полезной информацией о беременности, родах и воспитании малыша за рубежом."},{"name":"robots","value":"all"}],"uri":{"protocol":"http","domain":"de.mamki.","url":"http://mamki.de/viewtopic.php?p=89793&sid=fe70868dfebe0b7330aa6b324fef9372"}}},{"_index":"de_content_201410","_type":"resourceQ","_id":"http://solawano.de/index.php?main=tbeinzeln&seite=19&tag=2010-08-10","_score":1.0, "_source" : {"body":" <<Zurück zur Hauptseite>> <<Bilder Menü>> Anita ","title":"SolaWaNo","desc":null,"details":{"length":49,"language":"de","date":"2014/10/31 16:18:37","type":"text/html","country":""},"crawling":{"duration":"1","date":"2014/10/31 16:18:37"},"metas":[{"name":"generator","value":"Adobe GoLive"},{"name":"copyright","value":"Tobias Niethammer"}],"uri":{"protocol":"http","domain":"de.solawano.","url":"http://solawano.de/index.php?main=tbeinzeln&seite=19&tag=2010-08-10"}}},{"_index":"de_content_201410","_type":"resourceQ","_id":"http://schmidttakahashi.de/index.php/en/article?a=d&id=2118","_score":1.0, "_source" : {"body":" Deutsch Login Welcome, Guest Please login or register. Username Password Remember Me « Password? « Username? « Register Close Name: * Username: * E-mail: * Password: * Confirm password: * Fields marked with an asterisk (*) are required. Register Close Updates Circulation Donations By Location By Donator By Item Products By Collection People Collections Spring / Summer 2014 Fall / Winter 2013 / 2014 Spring / Summer 2013 Fall / Winter 2011 / 2012 Spring / Summer 2011 Fall / Winter 2010 / 2011 Container Stores press Onlineshop close container :: 012 Donated at Faro Indios Verdes. Av. Huitzilihuitl (Av. De las Torres) 51 Santa Isabel Tola, Gustavo A. Madero, 07010 Mexico City, Mexico donator :: 020 Donated by \"anonymous donator\", who has also donated other 3 items. item :: 01 Undefined color: pattern: none country of origin: unknown Parts Sons & Daughters : % likes and comments Add comment Name (required) Send Cancel JComments Home Contact Impressum SCHMIDTTAKAHASHI © 2014 All Rights Reserved ","title":"SCHMIDTTAKAHASHI :: Artikel","desc":"SCHMIDTTAKAHASHI Berlin Germany – Fashion Recycling Network","details":{"length":1005,"language":"en","date":"2014/10/31 16:18:37","type":"application/xhtml+xml","country":""},"crawling":{"duration":"1","date":"2014/10/31 16:18:37"},"metas":[{"name":"robots","value":"index, follow"},{"name":"keywords","value":"SCHMIDTTAKAHASHI, Schmidttakahashi, Eugenie Schmidt, Mariko Takahashi"},{"name":"description","value":"SCHMIDTTAKAHASHI Berlin Germany – Fashion Recycling Network"},{"name":"generator","value":"schmidTTakahashi"}],"uri":{"protocol":"http","domain":"de.schmidttakahashi.","url":"http://schmidttakahashi.de/index.php/en/article?a=d&id=2118"}}},{"_index":"de_content_201410","_type":"resourceQ","_id":"http://vintagetick.de/herrenarmbanduhren/?f=171%7c142&p=1","_score":1.0, "_source" : {"body":" Vintagetick   Mein Konto Merkzettel (0)   Warenkorb Warenkorb 0 Artikel | 0,00 €* Positionen anzeigen     Sie sind hier: Vintagetick / Herrenarmbanduhren Herrenarmbanduhren vor 1950 50er 60er 70er nach 1980 Damenarmbanduhren Reduziert Archiv / verkauft Informationen Über Vintageuhren Uhrenlinks Kontakt Mein Uhrmacher Zahlung und Versand AGB Widerrufsrecht Datenschutz Impressum PayPal. Sicherererer.   Herrenarmbanduhren Sortierung: Erscheinungsdatum Beliebtheit Niedrigster Preis Höchster Preis Artikelbezeichnung Artikel pro Seite: 12 24 36 48 Ansicht:       Dugena Troupier – FE 140-1C Diese Dugena kommt, wie es der Name schon andeutet, im Miltärdesign daher. Ob da die Vergoldung des Gehäuse der Tarnung im Feld nicht eher im Wege steht, sei erstmal dahingestellt. Das Gehäuse ist außergewöhnlich groß, inklusive Kronenschutz misst es 40mm. 59,00 € * Vergleichen Zum Produkt Dugena Festa Handaufzug – PUW 460 Das Zifferblatt dieser Dugena Festa schimmert in einem wunderschönen metallischen Blauton, der sich je nach Lichteinfall verändert. Mit dem vergoldeteten Gehäuse und dem braunen Lederband entsteht eine gewagte, aber äußerst stylische Kombination. Statt: 69,00 € * 49,00 € * Vergleichen Zum Produkt Sortierung: Erscheinungsdatum Beliebtheit Niedrigster Preis Höchster Preis Artikelbezeichnung Artikel pro Seite: 12 24 36 48 Ansicht:       Tagwolke Tissot Seastar Junghans 15 BWC Swiss Glashütte Fellow Watch Anker 080 ZentRa Neptun Poljot Junghans 15 BWC Swiss Glashütte Seca 15 Rubis Sandoz Rotary 17 Nautilus Premira Diver Poljot Dugena Troupier Dugena Troupier Anker Automatic Jaquet-Droz Dugena Tropica Primos Art Deco Helia Art Deco Provita 17 Roamer Saturne Chaika Red Star Callima 17 Junghans ZentRa Manta Mirexal Andorra 17 Hanowa 21 ZentRa Art d co Kienzle Superia Handaufzugs-Chr Dugena Festa Hercules 21 Story Automatic GUB Glashütte GUB Glashütte Junghans Ruhla de Luxe Prätina 17 Prim Sport 17 Filter Marke + Dugena (2) Alle anzeigen Aufzug + Handaufzug (2) Gehäuse + Messing vergoldet (2) Zusatzfunktionen + Datum (1) Jahrzehnt + 70er (2) Land + Deutschland (2) Alle anzeigen Band + Leder (1) Perlon (1)   Kontakt | Zahlung und Versand | AGB | Widerrufsrecht | Datenschutz | Impressum Copyright © Vintagetick, Danny Schäfer - Alle Rechte vorbehalten * Alle Preise verstehen sich zzgl. Versandkosten, wenn nicht anders beschrieben. Aufgrund des Kleinunternehmerstatus gemäß § 19 UStG wird keine Umsatzsteuer erhoben und diese kann daher auch nicht ausgewiesen werden. ","title":" Alte Vintage Armbanduhren ","desc":"Herrenarmbanduhren, mechanische Vintage-Uhren für Männer","details":{"length":2497,"language":"de","date":"2014/10/31 16:18:37","type":"application/xhtml+xml","country":""},"crawling":{"duration":"1","date":"2014/10/31 16:18:37"},"metas":[{"name":"author","value":"Danny Schaefer, Mario Hirt"},{"name":"copyright","value":"(c)2013 vintagetick.de by Danny Schaefer"},{"name":"robots","value":"noindex,follow"},{"name":"revisit-after","value":"15 days"},{"name":"keywords","value":"vintage,watch,watches,man,men,armbanduhr,armbanduhren,armband,uhr,gebraucht,herr,herren,mann,männer"},{"name":"description","value":"Herrenarmbanduhren, mechanische Vintage-Uhren für Männer"},{"name":"msapplication-navbutton-color","value":"#dd4800"},{"name":"application-name","value":"Vintagetick"},{"name":"msapplication-starturl","value":"http://vintagetick.de/"},{"name":"msapplication-window","value":"width=1024;height=768"}],"uri":{"protocol":"http","domain":"de.vintagetick.","url":"http://vintagetick.de/herrenarmbanduhren/?f=171%7c142&p=1"}}},{"_index":"de_content_201410","_type":"resourceQ","_id":"http://beso.de/baby-kinder-bettwaren/mytoysde-296935-114982?minmarkdown=1","_score":1.0, "_source" : {"body":" Beso - The Site Devoted to Shopping Damen Mode Schuhe Accessoires Handtaschen Sportbekleidung Unterwäsche Umstandsmode Herren Mode Schuhe Accessoires Sportbekleidung Unterwäsche Kinder Mode Accessoires Baby-Mode Baby-Accessoires Baby-Pflege Baby-Zubehör Möbel Bettwaren Pflege Parfüm Kosmetik Hautpflege Haarpflege Nagelpflege Massagegeräte Solarien Haus Wohnzimmer Küche Esszimmer Schlafzimmer Badezimmer Haus-Accessoires Geschirr Beleuchtung Fensterdekorationen Aufbewahrung Garten Schmuck Armbanduhren Ringe Halsschmuck Ohrschmuck Armschmuck Schmuck-Sets Broschen Amulette Edelsteine Schmuckkästen Taschen & Co Reisetaschen Aktentaschen Rucksäcke Sporttaschen Sonnenbrillen Kulturbeutel Portemonnaies Regenschirme Preis- und Produktangaben ohne Gewähr - Weitere Informationen Startseite : Babys & Kinder : Baby- & Kinderbettwaren : myToys.de Reduziert: Alles im Ausverkauf REFINE BY CATEGORIES Babys & Kinder Baby- & Kinderbettwaren Bettwaren BRANDS add more brands | clear all STORES add more stores | clear all myToys.de (319) Reduziert Alles im Ausverkauf (64) Alles im Ausverkauf (64) 20% oder mehr (64) 40% oder mehr (12) Cancel Beliebt A B C D E F G H I J K L M N O P Q R S T U V W X Y Z # Abbrechen Jetzt eingrenzen false false false Sortieren nach: Beste Treffer Beste Treffer Niedrigster Preis Höchster Preis Anzeigen: 30 30 50 100 200 Lustige grüne Schnecke aus der Sweethearts Kollektion von NICI als Plüschfigur zum Knuddeln und Liebhaben. Liebenswert bunt frech und kuschelig sind die Stofftiere von NICI. Neben dem... Sweethearts Schnecke grün 25 cm, 0-5... myToys.de 17,99 € 14,99 € Die hübsche Baumwolldecke von Zöllner mit dem lustigen Pooh und seinen Freunden ist super weich und anschmiegsam. Material: 100% Baumwolle Pflegehinweis: - waschbar bis 30 GradC - Trocknung... Babydecke Baby Pooh and Friends 75 x... myToys.de Zöllner 14,95 € 13,99 € Brav auf einen unbequemen Stuhl sitzen bleiben müssen? Mit diesem tollen Sitzkissen von Herding ist dies nicht notwendig! Ob zum Spielen Toben oder Ausruhen: mit diesem weich gepolsterten... Sitzkissen Clone Wars 40 x 54 cm,... myToys.de Herding 13,95 € 7,99 € - 43%   Das Kuschelkissen von CTI ziert ein süßes Hello Kitty Motiv. Es ist besonders weich und wird schnell zum liebsten Schmusefreund Ihres Kindes. Maße (B/H): ca. 40 x 40 cm Material:... Kuschelkissen Hello Kitty Astrid 40 x... myToys.de Hello Kitty 7,95 € 6,99 € Diese Laufgittereinlage von Schardt ist die optimale Ergänzung für das Laufgitter Komfort II in 100 x 100 cm. Ob beim Spielen oder schlafen - Ihr Kind hat es weich und bequem. Material:... Laufgittereinlage für Laufgitter... myToys.de 49,90 € 39,99 € Dieses hübsche 3-teilige Bettset von Alvi ist mit seinen niedlichen Elefanten und Teddybären ein schöner Hingucker. Es besteht aus einer Bettwäsche Himmel und Nestchen. Die 2-teilige... Bettset Mondreise blau 3-tlg., 0-5... myToys.de 65,95 € 53,99 € Die Fleecedecke von CTI ist ein wahrer Kuschelfreund. Sie ziert ein hübsches Minnie Mouse-Motiv und spendet ein Gefühl von Schutz und Geborgenheit. Maße (B/H): ca. 110 x 140 cm Material:... Fleecedecke Minnie Mouse 110 x 140... myToys.de 12,95 € 7,99 € - 38%   Die ergonomische Kopfstütze mit viskoelastischem Schaum von Candide unterstützt die optimale Entwicklung von Babys Köpfchen! In den ersten Monaten ist das Köpfchen des Babys noch weich und... Kopfstütze Pharmababy Panda, 0-97... myToys.de 15,90 € 13,97 € Wunderschönes und gemütliches Flanell-Kuschelkissen Sylt von David Fussenegger. Das weiche Kissen besticht durch seine außergewöhnliche Form denn es sieht aus wie eine niedliche Eule. Egal... Kuschelkissen Sylt Eule Flanell... myToys.de David Fussenegger 24,95 € 21,99 € Die Daunenbettdecke AirFresh von Artländer ist extra luftig mit großflockigen Gänsedaunen gefüllt. Dadurch ist sie besonders leicht und besitzt eine besonders hohe Luftdurchlässigkeit die... Baby Bettdecke AirFresh light Daunen... myToys.de 29,90 € 26,99 € Traumhafter Baby Schlafsack von SANETTA mit feinen Ringeln. Der SANETTA Baby Schlafsack hat die folgenden Besonderheiten: - kuscheliger Schlafsack mit warmer Wattierung - hochwertige... Baby Schlafsack für Jungen, Farbe... myToys.de 59,95 € 29,99 € - 50%   Der ERGObaby Puck-Mich-Sack aus 100 % weichem und atmungsaktivem Baumwollfrottee verhilft Ihrem Baby zu einem längerem und sichererem Schlaf. Das Material dehnt sich bei jeder Bewegung... Schlaf Gut Puck-Mich-Sack Blue +... myToys.de 44,90 € 39,99 € Die Einschlagdecke The Original Piep von Puckababy bietet Ihrem Baby ein besonderes Gefühl von Geborgenheit ganz wie im Mutterleib. Die Decke besteht aus einem Außensack und einer... Pucksack The Original Piep blau,... myToys.de 39,95 € 36,99 € Die tolle Laufgittereinlage von Schardt ist passend für alle Laufgitter mit den Maßen 100 x 100 cm. Material: Bezug: 100% Baumwolle Füllung: 100% Polyester Pflegehinweise: - waschbar bis 30... Laufgittereinlage 100 x 100 cm Hippo,... myToys.de 49,90 € 39,99 € Die Universal-Einlage passend für alle Laufgitter mit den Maßen 73 x 102 cm und 80 x 102 cm. Die weich gepolsterte Einlage schützt mit ihrem hohen Rand das Kind und gibt ihm das Gefühl von... Laufgittereinlage Schmetterling 73 x... myToys.de 50,00 € 38,99 € Die bunte Patchworkdecke Drops von Zöllner eignet sich in jeder Alltagssituation. Ob als schützende Unterlage im Freien oder zum Spielen und Kuscheln zu Hause die Decke ist einfach ein... Patchworkdecke Drops 115 x 175 cm,... myToys.de 69,95 € 54,99 € Dieses süße Bettset von Schardt besteht aus einer 2-teiligen Bettwäsche-Garnitur mit Hotelverschluss (Kissenbezug 40 x 60 cm und Bettbezug 100 x 135 cm) Himmel und Nestchen. Material:... Bettset Glückskäfer 3-tlg., 0-5... myToys.de 79,90 € 64,99 € Dieses tolle Kissen mit Füllung von Herding kommt mit Füllung und ist der ideale Kuschelersatz für alle kleinen Superhelden. Der detailreiche Druck lässt Spiderman durch das Kinderzimmer... Kuschelkissen Spider-Man 40 x 40 cm... myToys.de Herding 7,95 € 5,99 € - 25%   Das Kuschelkissen von CTI ziert ein süßes Disney Fairies Motiv. Es ist besonders weich und wird schnell zum liebsten Schmusefreund. Maße (B/H): ca. 40 x 40 cm Material: Bezugsstoff: 100%... Kuschelkissen Disney Fairies Lilli 40... myToys.de Disney 7,95 € 5,99 € - 25%   Die wasserdichte Betteinlage von Odenwälder besteht beidseitig aus weichem und flauschigem Molton. Besonders saugstark werden kleine Missgeschicke sofort aufgenommen und ein Wundliegen wird... Wasserdichte Betteinlage, Farbe... myToys.de 4,99 € 3,99 € Auch kleine Sternenkrieger wollen kuscheln und träumen. Dieses coole Kissen mit Füllung von Herding ist daher ein Muss für alle Fans von Star Wars. Es ist besonders weich und dank des... SP Kuschelkissen Star Wars blau 40 x... myToys.de Herding 7,95 € 5,99 € - 25%   Dieses tolle Kissen von Herding ist weich gefüllt und nimmt Freunde der Sternenkrieger mit auf eine abenteuerliche Traumreise. Es ziert die Lieblingsfiguren aus der Trickserie Star Wars -... Kuschelkissen Star Wars - the Clone... myToys.de Herding 7,95 € 6,49 € Dieses tolle Kissen mit Füllung von Herding nimmt Freunde der Sternenkrieger mit auf eine abenteuerliche Traumreise. Der mächtige Darth Vader ziert dieses Kissen und ist ein kuscheliger... Kuschelkissen Star Wars blau 40 x 40... myToys.de Herding 7,95 € 6,49 € Das Kissen LEGO Man eignet sich wunderbar für die Dekoration des Kinderzimmers ist gleichzeitig aber auch ein toller Kuschelfreund. Mit Knopfverschluss. Maße: 45 x 45 cm Material: 100%... Kissen Lego Man, 0-97 Jahre,... myToys.de 9,95 € 6,49 € - 35%   Das Kissen LEGO Formula 1 eignet sich wunderbar für die Dekoration des Kinderzimmers ist gleichzeitig aber auch ein toller Kuschelfreund. Mit Knopfverschluss. Maße: 45 x 45 cm Material:... Kissen Formula 1, 0-97 Jahre,... myToys.de 9,95 € 5,99 € - 40%   Das hübsche Kuschelkissen von Herding ist ein toller Begleiter beim Toben Träumen und Schlafen. Das Barbiemotiv verzaubert und verwandelt das Kissen in ein echtes Lieblingsstück. Details &... Kuschelkissen Barbie 40 x 40 cm (1... myToys.de Herding 7,95 € 6,49 € Dieses süße Minnie Mouse Kuschelkissen von CTI ist besonders weich und kuschelig und mit seinem rot-schwarzen Design und dem süßen Minnie Mouse Motiv ein echter Hingucker. Maße (B/H): ca.... Kuschelkissen Minnie Mouse Minnie... myToys.de 7,95 € 5,99 € - 25%   Das Kuschelkissen von CTI mit niedlichem Winnie the Pooh Motiv ist besonders weich und wird schnell zum liebsten Schmusefreund Ihrer Kleinen. Maße (B/H): ca. 40 x 40 cm Material: Bezug:... Kuschelkissen Winnie the Pooh... myToys.de 7,95 € 4,99 € - 37%   Die kuschelige Fleecedecke mit niedlicher Eisbär-Applikation verschafft Ihrem kleinen Schatz Wärme und Geborgenheit. Die Decke bietet nicht nur viel Platz zum Strampeln für Babys Beinchen... Babydecke Fleece Eisbär 75 x 100 cm... myToys.de 4,99 € 4,49 € Die kuschelige Fleecedecke mit niedlicher Eisbär-Applikation verschafft Ihrem kleinen Schatz Wärme und Geborgenheit. Die Decke bietet nicht nur viel Platz zum Strampeln für Babys Beinchen... Babydecke Fleece Eisbär 75 x 100 cm... myToys.de 4,99 € 4,49 € 0 1 2 3 4 5 Gesponserte Links Datenschutzrichtlinien Cookies Nutzungsbedingungen Sitemap © Copyright 2012 - Alle Rechte vorbehalten Informieren Über Beso / Impressum Press Shoppen Damen Herren Kinder Pflege Haus Schmuck Taschen & Co Schließen http://www.clicktools.com/survey?iv=b6122862760b3b3&q1=wlk&q2=L2&q3=null&q4=15897&q5=/baby-kinder-bettwaren/mytoysde-296935-114982?minMarkdown=1 Kontaktformular http://evalus.bizrate.com/wix/p3436114.aspx?rf_code=wlk&br=14046697049111882294502000599029556&session_id=220059612480500504&brand=BE&country_code=DE Kontaktformular ","title":"Baby- & Kinderbettwaren von myToys.de | Beso.de","desc":"Entdecke Baby- & Kinderbettwaren von myToys.de. Finde Produkte Deiner Lieblings-Designer mit bis zu 80% Preisermäßigung bei Beso. Entdecke, shoppe und spare!","details":{"length":9653,"language":"de","date":"2014/10/31 16:18:37","type":"application/xhtml+xml","country":""},"crawling":{"duration":"1","date":"2014/10/31 16:18:37"},"metas":[{"name":"description","value":"Entdecke Baby- & Kinderbettwaren von myToys.de. Finde Produkte Deiner Lieblings-Designer mit bis zu 80% Preisermäßigung bei Beso. Entdecke, shoppe und spare!"},{"name":"og:type","value":"article"},{"name":"fb:admins","value":"100000061024058"},{"name":"og:image","value":"http://images.bizrate.de/resize?sq=150&uid=5886797291"},{"name":"og:url","value":"http://www.beso.de/baby-kinder-bettwaren/mytoysde-296935-114982"},{"name":"content-language","value":"de-DE"}],"uri":{"protocol":"http","domain":"de.beso.","url":"http://beso.de/baby-kinder-bettwaren/mytoysde-296935-114982?minmarkdown=1"}}},{"_index":"de_content_201410","_type":"resourceQ","_id":"http://egecarpets.de/teppiche/teppichfliesen/rainy-ocean-grey.aspx?pid=1596","_score":1.0, "_source" : {"body":" egeteppiche Kollektionen Teppiche Teppichböden Sonderanfertigung Teppichfliesen Abgepasste Teppiche Produkt Neuheiten Muster Zubehör und Werkzeuge Sonderanfertigung Inspiration Technische Daten CSR Über ege Kontakt Alles über Teppiche Einkaufswagen ( 0) Meine Bestellung Anmelden SE FR DE EN DK Download PDF Zurück rainy ocean grey Features und Leistungen Diese Teppichfliesen mit ihrem markanten, modernen Erscheinungsbild sind eine Bereicherung für die beliebte Modular Express Serie. Die Bandbreite dieser Kollektion erstreckt sich von ‚dezent und klassisch’ bis zu ‚modern und ausdrucksstark’. So können Sie Ihre Räume individuell und attraktiv gestalten. Und das nicht zuletzt auch dank der besonderen und einzigartigen Muster. Das ansprechende Erscheinungsbild, die hervorragenden Schalldämmeigenschaften und die umweltfreundliche Fertigung machen diese Teppichfliesen zu einem modernen Klassiker.   31 außergewöhnliche Ausführungen in verschiedenen Farbvariationen Eigene Farbvorstellungen sind möglich Die Vorgaben des Klassifizierungssystems LEED werden erfüllt Trägt das dänische Raumklima-Gütesiegel des ‚Teknologisk Institut’ Warenprobenzusendungen innerhalb von 2-5 Tagen Patentierte Teppichfliesenrücken aus PVC freien Textilien Einfach zu verlegen und auszutauschen Ausführungen: HL 630, HL 1100, HL 80/20 1400 und HL Loop Modular Mindestbestellmenge: 40 m2 je Qualität und Farbausführung bei Standardfarben Mindestbestellmenge: 200 m2 bei Sonderfarben ... Lesen Sie mehr Schließen   Bestellen Sie ein kostenfreies Muster Bestellen Sie einen kostenfreien Katalog Katalog herunterladen (PDF) Andere Farben Beschreibungen Beschreibung Stil RFM52956554 Kollektion Contrast Modular express Nächste Schritte E-Mail Händler Online Tools Virtuelle Farbänderung Beschreibung Qualität : Highline 1100 Ecotrust Highline 630 Ecotrust Highline 1100 Ecotrust Highline 80/20 1400 Ecotrust Highline Loop Ecotrust Rücken: Ecotrust 350 Ecotrust 350 Ecotrust 750 Download PDF ?ProductId=RFM52956554&langID=DE&genpdf=true&lpp=49&pdf=true &filename= Highline 1100 Ecotrust - Ecotrust 350.pdf Highline 1100 Ecotrust an Ecotrust 350 Verkaufsbedingungen 48 x 48 cm, Kartons von 4,1472 m2, keine Lagerware, Mindestmenge 40 m2 96 x 96 cm, keine Lagerware, Mindestmenge 200 m2 Symbol Produktbeschreibung Technik Produktdaten Konstruktion Struktur ISO 2424 Getufteter Schnittfloor Teilung ISO 2424 1/8 Faser DIR 96/73, 96/74 100% Recycled Econyl Polyamide Farbgestaltung - Millitron Rücken eTL Ecotrust 350, 100% Recycled Dimensionen CEN/TS 14159 48x48/96x96 cm Massbeständigkeit EN 986 Gesamthöhe ISO 1765 Ca. 9,0 mm. Polhöhe ISO 1766 Ca. 5,5 mm. Noppenzahl ISO 1763 Ca. 198.000 pr. m2 Gesamtgewicht ISO 8543 Ca. 2.900 g/m2 Poleinsatzgewicht eTL 1.100 g/m2 Poldichte ISO 8543 Ca. 0,165 g/cm3 ege soil protection eTL Ja Einsatzbereiche Anwendungsbereiche EN 1307 33 Geschäftsbereich - Stark Garantie gegen Verschleiss eTL Contract certificate Anwendungsbereiche Gulvbranchen Klasse 33 Stuhlrolleneignung EN 985 Ja, konstanter Gebrauch Geeignet für Treppen EN 1963 Ja Antistatausrüstung eTL Permanent antistatisch Begehversuch EN 1815 Antistatisch Trittschallschutz eTL 26 dB Schallabsorption eTL 0,25 aW Fussbodenheizungsgeeignet ISO 8302 Ja Lichtechtheit ISO 105-B02 >5 Reibechtheit nass EN ISO 105-X12 >3 Reibechtheit trocken EN ISO 105-X12 >3-4 Wasserechtheit gemustert EN ISO 105-E01 >4 Sicherheit & Umwelt CE Zeichnen EN 14041 Zertifiziert EC Zertifikat EN 14041 0845-CPR-CXA10018C eco Brandverhalten DK,MK GODKENDELSE Godkendt CH,VKF/AEAI Cfl-s1 EN13501-1 euro class Cfl-s1 CE Zeichnen Leistungserklärung DOP 9711-18C Innenraumklima DIM Certifikat Nr.006 LEED Green label plus BASTA Registriert Emissions dans l'air intérieur A+/A+ Environmental Choice NZ Genehmigt GECA Genehmigt Environment Recycled Content Ca. 52 % Recycled Content for LEED Ca. 51 % Handbücher Verlegen + Verklebungsguide DK Dansk N Norsk S Svensk GB English D Deutsch F Francais Reinigung, Fleckenentfernung DK Dansk N Norsk S Svensk GB English D Deutsch F Francais Hersteller Werkszertifikat ISO 9001 Audited and verified by BVC ISO 14001 Audited and verified by BVC EMAS Audited and verified by BVC OHSAS Audited and verified by BVC DS 49001 Audited and verified by BVC CRuk Member of Carpet Recycling UK TransQ Qualified Schließen Fragen Sie uns Name  Land  Email  Message  Das Produkt wurde dem Einkaufswagen hinzugefügt Warenkorb öffnen OK Schließen Bestellen Sie ein kostenfreies Muster Qualität : Highline 630 Ecotrust Highline 630 Ecotrust Highline 1100 Ecotrust Highline 80/20 1400 Ecotrust Highline Loop Ecotrust Rücken: Für Muster sind folgende Rücken erhältlich: Ecotrust 350 Ecotrust 750 Mustertyp Abbrechen zum Warenkorb hinzufügen Schließen andere Farben RFM52206553 rainy ocean l.grey RFM5220C6553 rainy ocean l.grey RFM52756552 rainy ocean brown RFM52756558 rainy ocean lime RFM5275C6552 rainy ocean brown RFM5275C6558 rainy ocean lime RFM52856557 rainy ocean golden RFM52856559 rainy ocean blue RFM5285C6557 rainy ocean golden RFM5285C6559 rainy ocean blue RFM52956550 rainy ocean red RFM52956554 rainy ocean grey RFM52956555 rainy ocean beige RFM52956556 rainy ocean green RFM5295C6550 rainy ocean red RFM5295C6554 rainy ocean grey RFM5295C6555 rainy ocean beige RFM5295C6556 rainy ocean green © ege 2012 Cookie and privacy policy statement Impressum Website: Co3 Teppich ändern Wechselnden Stimmungen mit einem Klick Teppich ändern Cityscapes Teppich ändern Dark Water Teppich ändern Funkygraphic Teppich ändern Photosophy Teppich ändern Sense Teppich ändern Sense DE ","title":"rainy ocean  grey","desc":"Til moderne kontormiljøer, som kræver stor  fleksibilitet. En fleksibel gulvløsning, som giver nem adgang til gulvet under tæpperne.","details":{"length":5555,"language":"de","date":"2014/10/31 16:18:39","type":"application/xhtml+xml","country":""},"crawling":{"duration":"1","date":"2014/10/31 16:18:39"},"metas":[{"name":"Description","value":"Til moderne kontormiljøer, som kræver stor  fleksibilitet. En fleksibel gulvløsning, som giver nem adgang til gulvet under tæpperne."},{"name":"Generator","value":"Dynamicweb 8"}],"uri":{"protocol":"http","domain":"de.egecarpets.","url":"http://egecarpets.de/teppiche/teppichfliesen/rainy-ocean-grey.aspx?pid=1596"}}},{"_index":"de_content_201410","_type":"resourceQ","_id":"http://monkey-mania.de/forum/index.php?sid=323dc31ff59bb7aafdb0c8f921a84faa","_score":1.0, "_source" : {"body":" Affenbande Monkey Mania e.V. Wir machen den Norden mobil! Zum Inhalt Erweiterte Suche Portal » Foren-Übersicht Ändere Schriftgröße Mitgliederkarte FAQ Registrieren Anmelden Aktuelle Zeit: Mi 2. Jul 2014, 04:37 Unbeantwortete Themen • Aktive Themen Vereinsbereich Affenbande Monkey Mania e.V. Themen Beiträge Letzter Beitrag Öffentlicher Bereich der Affenbande Monkey Mania e.V. Hier bekommt Ihr Infos rund um unseren Verein und seine Aktivitäten. 2 Themen 11 Beiträge Letzter Beitrag Re: 17,5 Jahresfeier der AB in Nahe von Jesse Sa 24. Mai 2014, 09:23 Affen auf großer Reise Themen Beiträge Letzter Beitrag Treffen und Veranstaltungen der Dax und Monkey Szene Infos, Termine usw. rund um die Szene 5 Themen 37 Beiträge Letzter Beitrag Re: Harley Days 2014 von Matze WL Di 1. Jul 2014, 20:39 Offener Bereich Themen Beiträge Letzter Beitrag Off Topic Alles was nieder geschrieben werden soll. 2 Themen 5 Beiträge Letzter Beitrag Crazy von Dirk Di 1. Jul 2014, 21:16 Bilder Foto's eurer 4 Takter, alles rund ums Hobby 0 Themen 0 Beiträge Keine Beiträge   ATC 70 Für Freunde der gepflegten Dreiräder... 3 Themen 9 Beiträge Letzter Beitrag Re: Feeertig.....endlich, meine neue ATC von thies Mi 23. Apr 2014, 15:07 Dax & Monkey Für Freunde der gepflegten Zweiräder... 5 Themen 11 Beiträge Letzter Beitrag Re: David Brown Dax von Jesse Mo 21. Apr 2014, 21:11 Replika's Freunde der kopierten Japaner finden vielleicht hier ihr Glück. 0 Themen 0 Beiträge Keine Beiträge   Einkaufszentrum Themen Beiträge Letzter Beitrag Biete Alles was Ihr rund um die 4 Takter zu verkaufen habt. 12 Themen 18 Beiträge Letzter Beitrag Re: Satz Buchsen f. die Hinterachse ATC 70 von MEK So 1. Jun 2014, 09:30 Suche Alles was Ihr rund um die 4 Takter sucht. 0 Themen 0 Beiträge Keine Beiträge   Beendete Biete & Suche Anzeigen 6 Themen 15 Beiträge Letzter Beitrag Re: Original ATC 70 Kettenspanner von MEK Fr 25. Apr 2014, 04:56 Anmelden  •   Registrieren Username:  Passwort:  | Mich bei jedem Besuch automatisch anmelden Wer ist online? Insgesamt ist 1 Besucher online: 0 registrierte, 0 unsichtbare und 1 Gast (basierend auf den aktiven Besuchern der letzten 5 Minuten) Der Besucherrekord liegt bei 12 Besuchern, die am Do 3. Apr 2014, 20:48 gleichzeitig online waren. Mitglieder: 0 Mitglieder Legende: Administratoren, Affenbanden Mitglieder, Globale Moderatoren Wer war da? Insgesamt waren 8 Besucher online: 0 registrierte, 0 unsichtbare, 1 Bot und 7 Gäste (basierend auf den heute aktiven Besuchern) Der Besucherrekord liegt bei 112 Besuchern, die am Fr 4. Apr 2014 online waren. Mitglieder: Google [Bot] Statistik Beiträge insgesamt: 201 • Themen insgesamt: 58 • Mitglieder insgesamt: 95 • Unser neuestes Mitglied: Dobi Portal » Foren-Übersicht Das Team • Alle Cookies des Boards löschen • Alle Zeiten sind UTC + 1 Stunde [ Sommerzeit ] Impressum / Disclaimer / Datenschutzerklärung Powered by phpBB® Forum Software © phpBB Group Customized by WireSys Deutsche Übersetzung durch phpBB.de ","title":"Affenbande Monkey Mania e.V. • Foren-Übersicht","desc":null,"details":{"length":2970,"language":"de","date":"2014/10/31 16:18:36","type":"application/xhtml+xml","country":""},"crawling":{"duration":"1","date":"2014/10/31 16:18:36"},"metas":[{"name":"resource-type","value":"document"},{"name":"distribution","value":"global"},{"name":"keywords","value":""},{"name":"description","value":""}],"uri":{"protocol":"http","domain":"de.monkey-mania.","url":"http://monkey-mania.de/forum/index.php?sid=323dc31ff59bb7aafdb0c8f921a84faa"}}},{"_index":"de_content_201410","_type":"resourceQ","_id":"http://xteam-shop.de/drucker/xerox-colorqube.html?cat=256&hardware_finance=1159&hardware_paperweight=922&hardware_ports=401&price=1%2c100","_score":1.0, "_source" : {"body":" X-Team Bocholt Logo Erweiterte Suche Anmelden Hier registrieren | Passwort vergessen Unser Angebot richtet sich ausschließlich an gewerbliche Abnehmer. Alle genannten Preise beinhalten nicht die Mehrwertsteuer. Warenkorb () Startseite Drucker SW Phaser 3250 Phaser 3320 Phaser 3610 Phaser 4622 Phaser 5550 Farbe Phaser 6000/6010 Phaser 6500 Phaser 6600 Phaser 6700 Phaser 7100 Phaser 7500 Phaser 7800 ColorQube 8570 ColorQube 8870 Phaser Phaser 3250 Phaser 3320 Phaser 3610 Phaser 4622 Phaser 5550 Phaser 6000/6010 Phaser 6500 Phaser 6600 Phaser 6700 Phaser 7100 Phaser 7500 Phaser 7800 ColorQube ColorQube 8570 ColorQube 8870 Großformat Kopierer & Multifunktion SW WorkCentre 3315 WorkCentre 3325 WorkCentre 3615 Phaser 3635MFP WorkCentre 4250/4260 WorkCentre 5020 WorkCentre 5325 bis 5335 WorkCentre 5845/5855 WorkCentre 5865 bis 90 Farbe WorkCentre 6015 WorkCentre 6400 WorkCentre 6505 WorkCentre 6605 WorkCentre 7220/7225 WorkCentre 78XX ColorQube 8900 ColorQube 93XX Xerox Colour 550/560 Phaser Phaser 3635MFP ColorQube ColorQube 8900 ColorQube 93XX WorkCentre WorkCentre 3315 WorkCentre 3325 WorkCentre 3615 WorkCentre 4250/4260 WorkCentre 5020 WorkCentre 5325 bis 5335 WorkCentre 5845/5855 WorkCentre 5865 bis 90 WorkCentre 6015 WorkCentre 6400 WorkCentre 6505 WorkCentre 6605 WorkCentre 7220/7225 WorkCentre 78XX High-End Farbe Xerox Colour 550/560 Großformat Zubehör optionales Zubehör Xerox Colour 550/560 Xerox ColorQube ColorQube 8570/8870 ColorQube 8700/8900 ColorQube 93XX Xerox Phaser Phaser 3250 Phaser 3320 Phaser 3610 Phaser 3635MFP Phaser 4622 Phaser 5550 Phaser 6000/6010 Phaser 6500 Phaser 6600 Phaser 6700 Phaser 7100 Phaser 7500 Phaser 7800 Xerox WorkCentre WorkCentre 3315 WorkCentre 3325 WorkCentre 3615 WorkCentre 4250/4260 WorkCentre 5020 WorkCentre 5325 bis 5335 WorkCentre 58XX WorkCentre 6015 WorkCentre 6400 WorkCentre 6505 WorkCentre 6605 WorkCentre 7220 / 7225 WorkCentre 78XX Verbrauchsmaterial Xerox Phaser Farbe Phaser 6000/6010 Phaser 6100 Phaser 6110 Phaser 6115/6120 Phaser 6121 Phaser 6125 Phaser 6128 Phaser 6130 Phaser 6140 Phaser 6180 Phaser 6200 Phaser 6250 Phaser 6280 Phaser 6300/6350 Phaser 6360 Phaser 6500 Phaser 6600 Phaser 6700 Phaser 7100 Phaser 7300 Phaser 7400 Phaser 7500 Phaser 7700 Phaser 7750 Phaser 7760 Phaser 7800 Phaser 8200 Phaser 8400 Phaser 8500/8550 Phaser 8560 Phaser 8860 Xerox Phaser SW Phaser 3100MFP Phaser 3130 Phaser 3150 Phaser 3200MFP Phaser 3250 Phaser 3300MFP Phaser 3320 Phaser 3400 Phaser 3435 Phaser 3450 Phaser 3500 Phaser 3600 Phaser 3610 Phaser 3635MFP Phaser 4400 Phaser 4500 Phaser 4510 Phaser 4600/4620/4622 Phaser 5400 Phaser 5500 Phaser 5550 Xerox WorkCentre Farbe WorkCentre M24 WorkCentre Pro 32/40 WorkCentre C226 WC M/Pro 2128/2636/3545 WorkCentre 2424 WorkCentre 6015 WorkCentre 6400 WorkCentre 6505 WorkCentre 6605 WC 7120/7125/7220/7225 WC 7132/7232/7242 WorkCentre 7228 bis 7346 WorkCentre 74xx WorkCentre 75xx WorkCentre 76xx/77xx WorkCentre 78xx Xerox WorkCentre SW WorkCentre 123/128 WorkCentre 232/238 WorkCentre 245/255 WorkCentre 265/275 WorkCentre 416 WorkCentre 421 WorkCentre 423/428 WorkCentre 3119 WorkCentre 3210/3220 WorkCentre 3315 WorkCentre 3325 WorkCentre 3550 WorkCentre 3615 WorkCentre 4118 WorkCentre 4150 WorkCentre 4250/4260 WorkCentre 5020 WorkCentre 52xx WorkCentre 53xx WorkCentre 56xx/57xx WorkCentre 58XX WorkCentre M118 WorkCentre M15/ Pro 412 WorkCentre M20 WorkCentre M/Pro 165/175 WorkCentre M/Pro 35/45/55 WorkCentre PE120 WorkCentre PE16 WorkCentre PE220 WorkCentre Pro 65/75/90 Xerox Colour 550/560 Xerox DCP 700 Xerox ColorQube ColorQube 8570 ColorQube 8700 ColorQube 8870 ColorQube 92xx/ 93xx Xerox CopyCentre CC 232/238 CC 76xx/77xx CC C118 CC C165/175 CC C20 CC C2128/2636/3545 CC C32/C40 CC C35/45/55 CC C65/75/90 Xerox DocuColor DC 12/CS50 DC 240/242/250/252/260 DC 1632/2240/3535 DC 2045/2060 DC 5000 DC 5252/6060 DC 7000/8000 DC 7002/8002 Xerox DocumentCentre DC 255/265 DC 332/340/425/432/440 DC 220/230/420 DC 460/470/480/490 DC 535/545/555 Xerox FaxCentre FaxCentre 1008/F110 FaxCentre 1012/F116 FaxCentre 2121 Xerox Großformat Xerox 30xx Xerox 510/8850 Xerox 6030/6050 Xerox 6204/6604/6605 Xerox 6279 Xerox 8825/8830 Xerox Sonstige Xerox 4110/4112/4127/4590/4595 Xerox Lasertoner für Non-Xerox Drucker Brother (SW) HP (SW) HP (Color) Kyocera (SW) Lexmark (SW) Responsible Lasertoner für Non-Xerox Drucker Brother (Color) Canon (SW) Epson (Color) IBM (SW) Konica-Minolta (Color) OKI (SW) OKI (Color) Panasonic (SW) Ersatzteile Papier Kopierpapiere Günstig Standard Premium Grafische Papiere Xerox Colorprint Xerox Colour Impressions Xerox Colotech+ Xerox gloss coated Xerox silk coated Xerox supergloss farbige Papiere Xerox pastell Xerox trend Xerox intensiv Umweltpapiere Xeron Recycled Xerox Recycled+ Xerox Recycled Pure Xerox Recycled Pure+ Xerox Recycled Supreme+ Xerox Planet+ Spezialpapiere Xerox Carbonless Paper vorsortierte Sätze Einzelblätter Xerox Strukturpapiere Xerox Transparentpapiere Xerox Everflat Paper Rollenpapiere Repro-Rollen CAD/CAM-Rollen Graphic Art Papers Digitaldruck Xerox Etiketten Papieretiketten Folienetiketten/ Klebefolien permanent klebend wiederablösbar Spezial-Folienetiketten Xerox OHP-Folien Xerox Mappen/ Register Xerox Synthetic Range Xerox Kartensysteme Xerox Create Range Werbemittel bedruckbar Verpackungen bedruckbar Support Gebrauchtgeräte Startseite / Drucker / ColorQube Filtern nach: Artikel entfernen Kategorie: ColorQube 8870 Artikel entfernen Preis: 0,00 € - 100,00 € Artikel entfernen Anschlussmöglichkeiten: WLAN (optional) Artikel entfernen max. Papiergewicht in g/m²: 220 Artikel entfernen wählbare Vertragsarten: Leasing Alles entfernen Einkaufsoptionen Gerätetyp Drucker (1) Funktionen Drucker (1) SW / Farbe Farbe (1) Technologie Solid Ink (1) Zertifizierungen Energy Star (1) Pantone (1) max. Druckvolumen / Monat 25000 (0) 30000 (0) 40000 (0) 50000 (0) 52000 (0) 60000 (0) 75000 (0) 80000 (0) 85000 (0) 87000 (0) 107000 (0) 120000 (1) 150000 (0) 200000 (0) 225000 (0) 250000 (0) 275000 (0) 300000 (0) 400000 (0) Papierformat DIN A4 (1) Vorlagenart keine (0) Vorlagenglas (0) Vorlageneinzug (0) Autoduplex-Vorlageneinzug (0) Arbeitsspeicher Standard 512 MB (1) Arbeitsspeicher max. 2 GB (1) Autoduplex Ja (1) Tonerfüllung bei Lieferung nur Starterkit (1) Garantie/ wählbare Optionen 1 Jahr Garantie inkl. Vor-Ort-Kundendienst (1) optional (nur bei Kauf): G.-verlängerung um 2 weitere Jahre Vor-Ort-Kundendienst (insgesamt 3 Jahre) (1) All-Inclusive-Wartungsvertrag (1) Xerox ColorQube Drucker Wählen Sie ein Xerox Colorqube Drucker Modell     ColorQube 8570   ColorQube 8870     Xerox Colorqube Drucker Kontaktieren Sie unsere X-Team Experten für die Xerox Solid Ink Technologie unter 02871-21801-24 oder  klicken Sie  hier Direktkauf Artikelnummer: Anzahl:             © 2010 - 2014 X-Team Bocholt GmbH & Co. KG | | Impressum Drucker SW Phaser 3320 Phaser 3610 Phaser 4600 - 4620 Drucker Farbe Phaser 6000 - 6010 Phaser 6600 Phaser 7800 Supplies Workcentre 74XX Docucolor 2XX Phaser 3100MFP Papier Kopierpapiere Umweltpapiere Farbige Papiere Benutzer Mein Konto Mein Warenkorb Unternehmen Team Kontakt Impressum AGB Versandkosten /  Zahlungsbedingungen Datenschutz ","title":"Xerox ColorQube - X-Team Shop","desc":"Xerox ColorQube's mit der einzigartigen Festtinten-Technologie im X-Team Shop. Reduzieren Sie Druckkosten, schonen Sie die Umwelt und erhalten Sie brillante Druckergebnisse.","details":{"length":7169,"language":"de","date":"2014/10/31 16:18:37","type":"application/xhtml+xml","country":""},"crawling":{"duration":"1","date":"2014/10/31 16:18:37"},"metas":[{"name":"description","value":"Xerox ColorQube's mit der einzigartigen Festtinten-Technologie im X-Team Shop. Reduzieren Sie Druckkosten, schonen Sie die Umwelt und erhalten Sie brillante Druckergebnisse."},{"name":"keywords","value":"Xerox, ColorQube, Xerox ColorQube, Festtinte, Solid-Ink, Festtintendrucker, "},{"name":"robots","value":"INDEX,FOLLOW"}],"uri":{"protocol":"http","domain":"de.xteam-shop.","url":"http://xteam-shop.de/drucker/xerox-colorqube.html?cat=256&hardware_finance=1159&hardware_paperweight=922&hardware_ports=401&price=1%2c100"}}},{"_index":"de_content_201410","_type":"resourceQ","_id":"http://stellenangebote-forum.de/stellenangebote-vlotho-1.html","_score":1.0, "_source" : {"body":" Achtung: Das Forum ist auf die Seite www.0049-jobs.de umgezogen. Eure Logins und Passwörter haben sich nicht geändert www.stellenangebote-forum.de Die 15 aktuellsten Stellenangebote aus Vlotho, bzw. Umkreis: Stellenangebote: Helfer/in - Packhelfer in Vlotho Ab: 11.07.2012 RP Personal GmbH 32602 Vlotho / Nordrhein-Westfalen Wir beschäftigen Mitarbeiter in den vier Bereichen Industrie, Handwerk, Handel und Verwaltung.RP Personal hat Ihnen viel zu bieten. Bewerben Sie sich jetzt bei uns und genießen Sie alle Vorteile einer Festanstellung mit allen Sozialleistungen.Wir ste ... Technischer Fachberater (m/w) - für den Vertrieb in Vlotho Ab: 14.07.2012 RP Personal GmbH 32602 Vlotho / Nordrhein-Westfalen RP Personal hat Ihnen viel zu bieten. Bewerben Sie sich jetzt bei uns und genießen Sie alle Vorteile einer Festanstellung mit allen Sozialleistungen.Wir stehen zu unserem Wort und das schon seit 30 Jahren.Technischer Fachberater (m/w) - für den Vertr ... Schülerjob/Nebenjob als Prospektverteiler In Vlotho Ab: 24.06.2014 Domus Werbung GmbH 32602 Vlotho / Nordrhein-Westfalen Wir freuen uns auf ihre Bewerbung. variables Gehalt (z.B. Provision, Stuecklohn etc.) ... ... CNC-Dreher/in Ab: 30.11.-0001 Teilzeit Thiele GmbH 32602 Vlotho / Nordrhein-Westfalen Alexandra und Peter Thiele geführt. Unser Anspruch: Fürunsere Kunden und ca. 4.000 Mitarbeiter ein zuverlässiger undfairer Partner zu sein.Jobauswahl. - Sonderleistungen (Schutzausrüstung, u.v.m.)einen motivierten Bewerber (m/w) für den Raum Vlotho. ... ID 228 - Helfer (m/w) Ab: 30.11.-0001 Herforder Personal GmbH 32602 Vlotho / Nordrhein-Westfalen Betriebes, die Sicherung und Schaffung weiterer Arbeitsplätze.und Angebotsbreite festigen und weiter expandieren. Möchten SieBewerbung von uns zügig bearbeitet wird.uns im Büro vorbei. Wir freuen uns auf Sie! ... ... ID 230 - Lagerhelfer (m/w) Ab: 30.11.-0001 Herforder Personal GmbH 32602 Vlotho / Nordrhein-Westfalen Unternehmen als auch die Großindustrie.Betriebes, die Sicherung und Schaffung weiterer Arbeitsplätze.und Angebotsbreite festigen und weiter expandieren. Möchten SieBewerbung von uns zügig bearbeitet wird.uns im Büro vorbei. Wir freuen uns auf Sie! .. ... MAG-Schweißer/in für Schweißanlage Ab: 30.11.-0001 Teilzeit Thiele GmbH 32602 Vlotho / Nordrhein-Westfalen unsere Kunden und ca. 4.000 Mitarbeiter ein zuverlässiger undfairer Partner zu sein.Jobauswahl. - Sonderleistungen (Schutzausrüstung, u.v.m.)einen motivierten Bewerber (m/w) für den Raum Vlotho. SieSchweißanlage und schweißen ggf. die Teile per Hand ... Energieanlagenelektroniker/in Ab: 30.11.-0001 Teilzeit Thiele GmbH 32602 Vlotho / Nordrhein-Westfalen Alexandra und Peter Thiele geführt. Unser Anspruch: Fürunsere Kunden und ca. 4.000 Mitarbeiter ein zuverlässiger undfairer Partner zu sein.Jobauswahl. - Sonderleistungen (Schutzausrüstung, u.v.m.)motivierten Bewerber (m/w). Sie unterstützen das Unte ... Dreher (m/w) Ab: 30.11.-0001 TEMPTON Personaldienstleistungen GmbH & Co. KG 32602 Vlotho / Nordrhein-Westfalen zu werden. Und dazu brauchen wir Sie. - attraktive und leistungsorientierte Vergütung (gem. geltendemüber unser Online-Bewerbungsformular zu. telefonisch. Wir freuen uns bald von Ihnen zu hören! ... ... Maler (m/w) Ab: 30.11.-0001 Piening GmbH 32602 Vlotho / Nordrhein-Westfalen Wärmedämmung. Kandidat/in. ... ... WIG-Schweißer (m/w) Ab: 30.11.-0001 Piening GmbH 32602 Vlotho / Nordrhein-Westfalen Wir suchen: Im Auftrag eines Kundenunternehmens in Vlotho suchen wir zu sofort 2 WIG-Schweißer (m/w). Ihr Profil: - abgeschlossene Ausbildung im Bereich Metall - Berufserfahrung WIG- und MAG-Schweissen - Bereitschaft zur Schichtarbeit - Mob ... WIG - Schweißer (m/w) in Vlotho gesucht Ab: 30.11.-0001 Piening GmbH 32602 Vlotho / Nordrhein-Westfalen Für ein Kundenunternehmen in Vlotho suchen wir zu sofort eine/n WIG-/MAG-Schweißer(-in) mit Berufserfahrung und Kenntnissen im Dünnblechbereich, Edelstahl, Stahl und Aluminium. Ihr Profil: - abgeschlossene Ausbildung im Metallbereich - Berufs ... Zerspannungsmechaniker (m/w) Ab: 30.11.-0001 TEMPTON Personaldienstleistungen GmbH & Co. KG 32602 Vlotho / Nordrhein-Westfalen TEMPTON Team! Und das sind 8.000 Mitarbeiter in rund 100Niederlassungen. - attraktive und leistungsorientierte Vergütung (gem. geltendem - hohe Übernahmequote ... ... Gabelstaplerfahrer (m/w) in 32602 Vlotho gesucht! Ab: 30.11.-0001 Piening GmbH 32602 Vlotho / Nordrhein-Westfalen Wir suchen zwei Gabelstaplerfahrer mit Berufserfahrung. Hochregallager ein und aus. Die Arbeitszeit ist in einer normalen Tagschicht von ca. 07.00 - 15.00Uhr.Staplerschein ... ... CNC-Fräser (m/w) Ab: 30.11.-0001 Piening GmbH 32602 Vlotho / Nordrhein-Westfalen Kuhlmann.und können selbständig und motiviert arbeiten. Von Vorteil ist Erfahrung an Fräsen der Fa. Röders und Fa.Kuhlmann. ... ... Produktionsmitarbeiter/innen auf 450?-Basis gesucht! Ab: 30.11.-0001 Piening GmbH 32602 Vlotho / Nordrhein-Westfalen Qualitätsprüfung. Die monatliche Arbeitszeit umfasst ca. 30 Stunden, gearbeitet wird anvier festen Tagen pro Monat in einem Drei-Schicht-System. Kollegen. ... ... Mitarbeiter für den Bereich Kunststoff/Kautschuk (m/w) Ab: 02.07.2014 Randstad Deutschland GmbH & Co. KG 32602 Vlotho / Nordrhein-Westfalen Randstad Referenznummer: R_386733 Das Randstad-Team aus Minden sucht zu sofort Produktionshelfer (m/w) für den Einsatz bei einem namenhaften Kunden in Vlotho:Aufgaben: -Bestückung und Bedienung von Maschinen -Einlegen und Entnahme von von Aluminium ... Mitarbeiter für den Bereich Kunststoff/Kautschuk (m/w) Ab: 02.07.2014 Randstad Deutschland GmbH & Co. KG 32602 Vlotho / Nordrhein-Westfalen Randstad Referenznummer: R_416033 Das Randstad-Team aus Minden sucht zu sofort Produktionshelfer (m/w) für den Einsatz bei einem namenhaften Kunden in Vlotho:Aufgaben: -Bestückung und Bedienung von Maschinen -Einlegen und Entnahme von von Aluminium ... Maschinenbediener (m/w) FOEM/Plotter Ab: 29.04.2014 PROFI Personal-Leasing GmbH 32602 Vlotho / Nordrhein-Westfalen Maschinenbediener (m/w) FOEM/PlotterEs erwartet Sie eine anspruchsvolle Aufgabe in einem unbefristeten Anstellungsverhältnis auf Basis einer 40 Stunden-Woche mit leistungsgerechter Vergütung, Branchenzuschlag und attraktiven Sozialleistungen!Ihre Auf ... EntwicklungsingenieurMaschinenbau (m/w) Ab: 02.07.2014 Vlotho / Entwicklungsingenieur Maschinenbau - ASV Stübbe Choose your language Deutsch Entwicklungsingenieur Maschinenbau - - Entwicklungsingenieur Maschinenbau Ihre Aufgaben: Entwicklung von Produkten für den chemischen Rohrleitungsbau Projektverantwortung bi ... sales engineer (m/f) Ab: 02.07.2014 Vlotho / Techniker im Vertrieb (m/w) - ASV Stübbe Choose your language English Techniker im Vertrieb (m/w) - - Techniker im Vertrieb (m/w) Ihre Aufgaben: Technische Beratung unserer Kunden bei der Auswahl von Pumpen und Armaturen Erstellung und Nachverfolgung ... Ingenieur Maschinenbau (m/w) Ab: 02.07.2014 Vlotho / ? Aktuelle Jobs ? Herbert Kannegiesser GmbH, Vlotho Anmelden Benutzername: Passwort: Choose Language: Suchen Karriere Aktuelle Stellenangebote Ingenieur Maschinenbau (m/w) Energie- und Umwelttechnik ? Job-ID 1371203, Standort: Vlotho Interesse an ei ... SAP SD Berater Inhouse Ab: 02.07.2014 Vlotho / Job Application - Sap Sd Berater Inhouse Computer Futures Choose your language You are here: SAP SD Berater Inhouse Our top java jobs We're constantly looking for exceptional java professionals to work with our clients. If you fit the bill and you ... Metallhelfer (m / w) in Vlotho Ab: 02.07.2014 ZAG Zeitarbeits-Gesellschaft GmbH Vlotho / So finden Sie uns: ZAG befindet sich in der Ostertor Galerie im 1. OG direkt über dem REWE-Markt, im Zentrum der Bad Salzufler Innenstadt, gegenüber vom Parkhaus \"Ostertor\" (P3). Der ZOB (Zentrale Omnibusbahnhof) ist unter dem Parkhaus \"Ost ... Staplerfahrer (m / w) in Vlotho Ab: 02.07.2014 ZAG Zeitarbeits-Gesellschaft GmbH Vlotho / Für einen persönlichen Kontakt steht Ihnen Frau Ann-Kathrin Squarra zur Verfügung. Wir freuen uns auf Sie!So finden Sie uns: Sie verlassen den Hauptbahnhof/Nordbahnhof und gehen links Richtung Busbahnhof/ZOB. Nach ca. 20 ... Kunststoff-Formgeber / in in Vlotho (m/w) Ab: 02.07.2014 Orizon GmbH, Niederlassung Bielefeld Vlotho / Wir freuen uns auf Ihre aussagekräftigen Bewerbungsunterlagen unter Angabe der ID-Nummer, gerne per Email über die angegebene Email-Adresse oder als Online-Bewerbung über den \"Jetzt Bewerben\"-Button in dieser Anzeige.Der richtige Job war noch nicht i ... Maschinen- und Anlagenführer / in in Vlotho (m/w) Ab: 02.07.2014 PROFI Personal-Leasing GmbH Vlotho / Ihre Aufgaben Sie arbeiten selbstständig in der Bedienung und Einrichtung der Laserplotter Sie arbeiten in der Abteilung Folienendmontage Ihre Qualifikation abgeschlossene Berufsausbildung im ... Zerspanungsmechaniker / in - Drehtechnik in Vlotho (m/w) Ab: 02.07.2014 pd Personaldienst in Bünde GmbH - Zweigstelle Lemgo - Vlotho / Wir suchen für einen Kunden in Vlotho einen Zerspanungsmechaniker FachrichtungDrehtechnik. Zu Ihren Aufgaben gehört: -Teile in die Drehmaschine einlegen und entnehmen mit anschließender QualitätskontrolleWir freuen uns auf Ihre Bewerbung! ... ... Mitarbeiter für den Bereich Kunststoff / Kautschuk (m / w) in Vlotho Ab: 02.07.2014 Randstad Deutschland GmbH & Co. KG Vlotho / Über Randstad:Als Marktführer bietet Randstad Deutschland Unternehmen unterschiedlicher Branchen umfassende Personalservice-Konzepte. Neben der klassischen Zeitarbeit gehören zum Portfolio von Randstad unter anderem Outsourcing und Personalberatung s ... Verfahrensmechaniker (m / w) Kunststoff- und Kautschuktechnik in Vlotho Ab: 02.07.2014 ZAG Zeitarbeits-Gesellschaft GmbH Vlotho / ZAG Personal & Perspektiven zählt zu den führenden Personaldienstleistern in Deutschland. Profitieren auch Sie von unserem großen Netzwerk aus Kundenunternehmen. Bei uns erwartet Sie ein sicheres Arbeitsverhältnis. Als groß ... Navigation: Erste Seite 1 2 3 Letzte Seite Kontakt/Impressum ","title":"www.stellenangebote-forum.de","desc":null,"details":{"length":9961,"language":"de","date":"2014/10/31 16:18:37","type":"text/html","country":""},"crawling":{"duration":"1","date":"2014/10/31 16:18:37"},"metas":[],"uri":{"protocol":"http","domain":"de.stellenangebote-forum.","url":"http://stellenangebote-forum.de/stellenangebote-vlotho-1.html"}}},{"_index":"de_content_201410","_type":"resourceQ","_id":"http://modellbahn-dassler.de/modellbahn/spurweite-n/landschaftsgestaltung/?f=394%7c10%7c5&p=1","_score":1.0, "_source" : {"body":"   Modellbahn-Dassler.de Mein Konto Merkzettel Service/Hilfe Kontakt Versand und Zahlungsbedingungen Widerrufsrecht Datenschutz AGB Impressum   Warenkorb Warenkorb 0,00 €* Positionen anzeigen     Home Modellbahn Plastikmodellbau Airbrush RC-Modelle Modellbahn-Dassler.de / Modellbahn / Spurweite N / Landschaftsgestaltung Modellbahn Spurweite H0 Spurweite TT Spurweite N Figuren Häuserbausätze Landschaftsgestaltung Lokomotiven Startpackungen Wagen Zubehör Plastikmodellbau Airbrush RC-Modelle Filtern nach: Landschaftsgestaltung + Dekorplatten (2) Alle anzeigen Maßstab + H0 - 1:87 (2) N - 1:160 (2) TT - 1:120 (2) Alle anzeigen Hersteller +   Informationen Kontakt Versand und Zahlungsbedingungen Widerrufsrecht Datenschutz AGB Impressum PayPal. Sicherererer.   1 Modellbahn-Dassler.de... 2 Modellbahn-Dassler.de... 3 Modellbahn-Dassler.de... 4 Modellbahn-Dassler.de... 5 Modellbahn-Dassler.de... 6 Modellbahn-Dassler.de... 7 Modellbahn-Dassler.de... 8 Modellbahn-Dassler.de...   Sortierung: Erscheinungsdatum Beliebtheit Niedrigster Preis Höchster Preis Artikelbezeichnung Artikel pro Seite: 24 36 48 Ansicht:       Heki 7031 Konstruktionsset, HO/TT/N Konstruktionsset, HO/TT/N Inhalt: 0.72 m² (12,49 € * / 1 m²) 8,99 € * Jetzt bestellen Zum Produkt Heki 7030 Konstruktionsset, HO/TT/N Konstruktionsset, HO/TT/N Inhalt: 0.72 m² (12,49 € * / 1 m²) 8,99 € * Jetzt bestellen Zum Produkt Sortierung: Erscheinungsdatum Beliebtheit Niedrigster Preis Höchster Preis Artikelbezeichnung Artikel pro Seite: 24 36 48 Ansicht:         Service Hotline Telefonische Unterstützung und Beratung unter: 03672 - 411196 Mo-Fr, 12:00 - 16:00 Uhr Shop Service Defektes Produkt Kontakt Versand und Zahlungsbedingungen Rückgabe Widerrufsrecht AGB Informationen Newsletter Datenschutz Newsletter Abonnieren Sie den kostenlosen Modellbahn-Dassler Newsletter und verpassen Sie keine Neuigkeit oder Aktion mehr aus dem Modellbahn-Dassler Shop. * Alle Preise inkl. gesetzl. Mehrwertsteuer zzgl. Versandkosten und ggf. Zahlungszuschlägen, wenn nicht anders beschrieben Copyright © Dienstleistungen & online Handel N. Daßler Alle Rechte vorbehalten ","title":"Landschaftsgestaltung | Spurweite N | Modellbahn | Modellbahn-Dassler.de","desc":"Ihr Onlineshop für Modellbahn & Modellbau","details":{"length":2122,"language":"de","date":"2014/10/31 16:18:37","type":"application/xhtml+xml","country":""},"crawling":{"duration":"1","date":"2014/10/31 16:18:37"},"metas":[{"name":"author","value":"Dienstleistungen & online Handel N. Daßler"},{"name":"copyright","value":"Copyright © Dienstleistungen & online Handel N. Daßler Alle Rechte vorbehalten"},{"name":"robots","value":"noindex,follow"},{"name":"revisit-after","value":"2 days"},{"name":"keywords","value":"Modelleisenbahn, Modellbahn, Spurweite N, Lanschaftsgestelltung, Auhagen, Heki, Revell, Faller, Fleischmann, Roco, Preiser"},{"name":"description","value":"Ihr Onlineshop für Modellbahn & Modellbau"},{"name":"msapplication-navbutton-color","value":"#dd4800"},{"name":"application-name","value":"Modellbahn-Dassler.de"},{"name":"msapplication-starturl","value":"http://www.modellbahn-dassler.de/"},{"name":"msapplication-window","value":"width=1024;height=768"}],"uri":{"protocol":"http","domain":"de.modellbahn-dassler.","url":"http://modellbahn-dassler.de/modellbahn/spurweite-n/landschaftsgestaltung/?f=394%7c10%7c5&p=1"}}},{"_index":"de_content_201410","_type":"resourceQ","_id":"http://preissirene.de/preisvergleich_4009750501924_1528905817.html","_score":1.0, "_source" : {"body":" Merkliste (0) Hallo Gast, Sie können sich registrieren oder einloggen Home Auktionen Shopverzeichnis Gutscheine News Artikel Newssuche Contentsuche Webkatalog Preise & Angebote vergleichen mit unserer Artikelsuchmaschine und Preissuchmaschine und das günstigste und billigste Angebot im Internet finden Sie sind hier: Home > Anomaly - Warzone Earth im Preisvergleich Navigation Startseite Shopverzeichnis Gutscheine Gutscheine + Coupons Newsarchiv News durchsuchen Contentarchiv Content durchsuchen Mitglied anmelden Livesuche Markensuche Auktionen Webkatalog Spezial-Angebote + Ticket- und Eventsuche + Handyshop + Gewinnspiele + Presse News + Auktionen + Nachrichten + Wetter und Pollenflug + aktuelle Sportnews + aktuelle Autoblitzer + Suchmaschine + Addons / Generatoren + Sicherheit unserer Seite Produkt Kategorien Auto & Zubehör Baby & Kleinkind Beauty & Kosmetik Bücher Computer & Zubehör Computerspiele & Zubehör DVD Englische Bücher Elektronik Gesundheit & Wellness Heimwerken & Garten Küche & Haushalt Lampen & Leuchten Lebensmittel & Getränke Magazine & Zeitschriften Mode & Accessoires Mp3 Downloads Musik PC-Spiele & Konsolen Software & Zubehör Schmuck & Piercing Sport & Freizeit Spielwaren & Kinderwelt Video Uhren Wohnen & Livestyle Spezial-Vergleiche Finanzvergleiche Reisepreisvergleich Spezial Vergleiche Versicherungsvergleich Tagesgeld Infos Kredite - Anbieterübersicht Werbung Beliebte Suchbegriffe oekovital   princesse tamtam   tandem verlag   ostheimer   ainudesign   david nicholas lyndhurst and tessa peake jones jas   peter lohmeyer   style world   blume   hesse   Unsere Linkpartner Schlüpfer & Co. Webkatalog Arbeitsschutzkleidung online Spiele spielen Bilderhoster Mehr Linkpartner Suchbegriff(e)       Hilfe Preisbereich von bis (Optional) Amazon-Marktplatz Shopverzeichnis Gutscheine ebay-Auktionen allen Bereichen Aus Datenschutzgründen wird Ihre IP-Adresse nur dann gespeichert, wenn Sie angemeldeter und eingeloggter Facebook- oder Google-Nutzer sind. Für weitere Informationen klicken Sie bitte auf diesen Infotext. Twittern Anomaly - Warzone Earth Preis: € 1,49 Versand: € 0,00 innerhalb Deutschlands Lieferzeit: siehe Händlerseite Preisinfo* vom 01.07.2014 - 13:08:00 Jetzt kaufen bei Gesamtpreis: € 1,49 Anomaly - Warzone Earth Jetzt Anomaly Warzone Earth kaufen!   Bei uns bekommen Sie den Serial Code Key für die Aktivierung des Spiels von #MANUFACTURER# direkt per Email zugesendet. Mit dem Key können Sie sich das Spiel über Steam kostenlos herunterladen und installieren. Steam finden Sie hier. Schnell, einfach - sicher.  Video   Screenshots   Produktbeschreibung Anomaly: Warzone Earth ist eine unglaublich intensive Mischung aus Action und Strategiespiel, in dem Sie die Erde von fiesen Aliens befreien müssen, die sich in Großstädten wie Bagdad oder Tokio eingenistet haben. Das Spielprinzip kann am besten mit den Worten ?Tower Offense Game? beschrieben werden. Im Gegensatz zu einem klassischen ?Tower Defense Game?, in dem man die Rolle des Verteidigers übernimmt, versetzt Anomaly: Warzone Earth Sie in die Rolle der angreifenden Partei. Hierbei können Sie auf sechs verschiedene Truppentypen mit eigenen Stärken und Schwächen zurückgreifen. Neben dem erfrischenden Rollentausch bietet das Gameplay noch weitere Neuigkeiten im Vergleich zu klassischen Tower Defense Games. Durch eine direkt steuerbare Commander-Einheit, ist der Einsatz von verschiedenen Spezialattacken möglich. Ferner kann die Route der Einheiten in Echtzeit jederzeit flexibel geändert werden, um einen optimale Weg durch das Kampfgebiet festzulegen. Somit entstehen neue strategische Herausforderungen während des Kampfes und ein vollkommen neuartiges Spielerlebnis. Je höher Ihr Fortschritt in der Kampagne sowie in einem der zwei ?Squad Assault Modes? ausfällt, umso mehr Upgrades und neue Einheiten können von Ihnen freigeschaltet werden um das ultimative ?Squad? in den Kampf gegen die Aliens zu schicken.  Features Genießen Sie einen innovativen Gameplay-Mix aus Action und Strategie in diesem ?Tower Offense Game?. Sie sind der Angreifer!Befehligen Sie den Commander. Mit der richtigen Auswahl von Spezialfähigkeiten sowie durch schnelle Reaktionen entscheiden Sie über Sieg oder Niederlage.Entscheiden Sie über die richtige Zusammenstellung und über die Marschroute Ihres Squads, nur die richtige Taktik und Strategie führt zum Erfolg.Treffen Sie tiefergehende taktische Entscheidungen, durch das sammeln von Ressourcen, können Sie z.B. neue Einheiten kaufen oder Ihre Truppen aufrüsten.Stundenlanger Spielspaß: Spiele Sie die herausfordernde Kampagne oder kämpfe Sie sich durch die zwei ?Squad Assault Modes?.Tauchen Sie in ein Spiel ein, das großartige Grafik und Sound bietet.PC-Touchscreens (kompatibel mit Windows 7) werden unterstützt! Berühren Sie den Bildschirm und erfreuen Sie sich an vollständiger taktischer Kontrolle.  Systemvoraussetzungen  PCBetriebssystem: Windows XP (SP2) / Vista / 7 Prozessor: Intel Pentium 4 2,4 GHz / AMD Athlon 64 +2800 Arbeitsspeicher: 1 GB RAM Grafikkarte: NVIDIA GeForce 7600 / ATI Radeon X1800, oder vergleichbar DirectX: 9.0c Festplatte: 1 GB freier SpeicherplatzSound: DirectX 9.0c kompatible SoundkarteMacBetriebssystem: OS X Snow Leopard 10.6.3 oder besserProzessor: Intel Pentium 4 2,4 GHz / AMD Athlon 64 +2800 Arbeitsspeicher: 2 GB RAMGrafik: NVIDIA GeForce 7600 / ATI Radeon X1800, oder vergleichbar Festplatte: 1 GB freier SpeicherplatzLinuxBetriebssystem: Linux Ubuntu 12.04 Prozessor: Intel / AMD Dual Core 2,8 GHz Arbeitsspeicher: 1 GB RAM Grafikkarte: nVidia GeForce 8600/9600GT, ATI/AMD Radeaon HD2600/3600, OpenGL 2.1 Festplatte: 4 GB freier SpeicherplatzSound: OpenAL kompatible Soundkarte 3 Anbieter im Preisvergleich, Preise vergleichen == Geld sparen Bitte beachten Sie das sich Preis/Versandkosten* bereits verändert haben können! Shop Lieferzeit Preis Versandkosten Gesamtpreis MMOGA siehe Shop € 1,49* Preisinfo* 01.07.2014 - 13:08:00 € 0,00* innerhalb Deutschlands € 1,49* (inkl. Versand) lotharfc siehe Shop € 2,99* Preisinfo* 02.07.2014 - 04:37:59 € 1,60* innerhalb Deutschlands € 4,59* (inkl. Versand) Game World siehe Shop € 5,57* Preisinfo* 01.07.2014 - 19:14:00 € 0,00* innerhalb Deutschlands € 5,57* (inkl. Versand)   Wichtige Informationen zu Preisen und Versandkosten * Preisangaben Alle hier enthaltenen Artikel werden durch einen Web Service bereitgestellt. Insbesondere kann der angegebene Preis/Versandkosten seit der letzten Aktualisierung gestiegen sein. Maßgeblich für den Verkauf ist der tatsächliche Preis/Versandkosten des Produkts, der zum Zeitpunkt des Kaufs auf der Website des Verkäufers steht. * Versandkosten Die auf dieser Webseite angezeigten Versandkosten entsprechen den Informationen, welche durch den Shopinhaber oder einen berechtigten Vertreter (Webservice) an uns übermittelt werden. Erhalten wir keine Informationen über die Höhe und die Bedingungen des Versandes, werden keine Informationen durch uns angezeigt. Genaue Informationen müssen dann durch den Kunden auf dem Internetangebot des Betreibers (Shopinhabers) in Erfahrung gebracht werden. * Amazon.de Versandkosten Ab einem Bestellwert von 20,00 EUR in der Regel versandkostenfrei, bei Marketplace Artikeln und Gebrauchten Artikeln mindestens 3,00 Euro Versandkosten hinzu Alle Angaben ohne Gewähr. Preise und Versandkosten inkl. der gesetzlichen Mehrwertsteuer. Marken und Produktnamen sind Warenzeichen der jeweiligen Eigentümer. * Amazon.de Kindle eBooks Aktuelle Preise für Amazon.de Kindle eBooks auf unserer Webseite leider nicht verfügbar. Bitte direkt auf der Amazon.de Webseite nachsehen. Werbung Top-Marken Gainward   Canton   OCZ   Audiotrak   F-Secure   Avanquest   Arctic Cooling   D-Link   Lexware   Auzentech   Buffalo   Philips   MindJet   ASRock   Allnet   G.E.I.L   Kodak   Nortek   Raptor Gaming   Kyocera   Leadtek   Nintendo   Kingston   Yakumo   T-Com   Auf Vielseitigkeit setzen mit unserer Preissuchmaschine Ein Preisvergleich muss in der heutigen Zeit auch als Informationsplattform fungieren. Natürlich liegt der Hauptvorteil beim Preisvergleich darin, dass der Kunde aus über 1800 Shops die günstigsten Anbieter und Angebote herausfiltern kann, doch während des Einkaufsvorgangs möchte der Verbraucher auch unterhalten werden. Bei Preissirene.de werden in dieser Hinsicht zwei Fliegen mit einer Klappe geschlagen. Einerseits werden tolle Schnäppchen und Angebote gesucht, die in allen Belangen überzeugen können und andererseits kann sich jeder auch über das Wetter oder sonstige interessante Themen des Tages informieren. Genau diese Transparenz sorgt dafür, dass die Kaufberatung schnell die erste Wahl sein könnte, wenn es darum geht, Produkte zu finden, die billig zu erwerben sind und dennoch für ein großes Vergnügen beim Shopping sorgen. Nur wenige Seiten schaffen diesen Spagat, doch die Kaufberatung bei Preissirene.de muss den Vergleich wahrlich nicht scheuen. Zudem möchte die Seite ihren Kunden zeigen, dass er bei dieser Preissuchmaschine alles richtig gemacht hat. Viele Testberichte und Erfahrungsberichte runden das stimmige Gesamtpaket ab und sorgen dafür, dass keine Angebote mit einem faden Beigeschmack versehen werden. Sicherheit wird beim Shopping eben noch immer groß geschrieben und jeder sollte großen Wert darauf legen, dass die Sonderangebote in diesen Bereichen überzeugen können. Hervorragende Preise lassen sich durch entsprechende Rabatte erzielen und über die Preisagentur werden diese sehr schnell ausgemacht. Nur wenige Klicks muss der Kunde in Kauf nehmen, ehe die Sonderangebote erscheinen. In den meisten Fällen gibt es dazu auch schon die jeweiligen Testberichte und Erfahrungsberichte anderer Käufer. Rabatte können Preise drücken und diese damit noch attraktiver machen. Die Preisauskunft ist selbstverständlich unverbindlich und kostenlos. Die Preisagentur sorgt also dafür dass das Shopping nicht nur günstig verläuft, sondern aufzeigt, dass sich der Vergleich rentiert. Der Preissuchmaschine entgeht nämlich kaum ein Schnäppchen. Wer seinen nächsten Einkauf billig gestalten möchte, der nutzt die kompletten Vorteile einer Preisauskunft im Internet. Startseite | Shopverzeichnis | Newsletter | Verlinke uns | Partnerseiten | Sitemap | Impressum | Datenschutzhinweise | Nutzungsregeln/AGB | Werbung bestellen Seite als Bookmark speichern bei ... Alle Angaben ohne Gewähr - * Preise inkl. gesetzl. MwSt. Mit Nutzung der Seite akzeptieren Sie unsere Nutzungsregeln und Impressum. Der Dienstanbieter ist nicht für Inhalte verlinkter Seiten verantwortlich. Preis- und Produktangaben und Aktuallität erfolgen ohne Gewähr. © by Preissirene.de © VIZUKA ","title":"Anomaly - Warzone Earth im Preisvergleich","desc":"Anomaly - Warzone Earth, Anomaly - Warzone Earth Jetzt Anomaly Warzone Earth kaufen!   Bei uns bekommen Sie den Serial Code Key für die Aktivierung des Spiels von #MANUFACTURER# direkt per Email zugesendet. Mit dem Key können Sie sich das Spiel über Steam kostenlos herunterladen und installieren. Steam finden Sie hier. Schnell, einfach - sicher.  Video   Screenshots   Produktbeschreibung Anomaly: Warzone Earth ist eine unglaublich intensive Mischung aus Action und Strategiespiel, in dem Sie die Erde von fiesen Aliens befreien müssen, die sich in Großstädten wie Bagdad oder Tokio eingenistet haben. Das Spielprinzip kann am besten mit den Worten ?Tower Offense Game? beschrieben werden. Im Gegensatz zu einem klassischen ?Tower Defense Game?, in dem man die Rolle des Verteidigers übernimmt, versetzt Anomaly: Warzone Earth Sie in die Rolle der angreifenden Partei. Hierbei können Sie auf sechs verschiedene Truppentypen mit eigenen Stärken und Schwächen zurückgreifen. Neben dem erfrischenden Rollentausch bietet das Gameplay noch weitere Neuigkeiten im Vergleich zu klassischen Tower Defense Games. Durch eine direkt steuerbare Commander-Einheit, ist der Einsatz von verschiedenen Spezialattacken möglich. Ferner kann die Route der Einheiten in Echtzeit jederzeit flexibel geändert werden, um einen optimale Weg durch das Kampfgebiet festzulegen. Somit entstehen neue strategische Herausforderungen während des Kampfes und ein vollkommen neuartiges Spielerlebnis. Je höher Ihr Fortschritt in der Kampagne sowie in einem der zwei ?Squad Assault Modes? ausfällt, umso mehr Upgrades und neue Einheiten können von Ihnen freigeschaltet werden um das ultimative ?Squad? in den Kampf gegen die Aliens zu schicken.  Features Genießen Sie einen innovativen Gameplay-Mix aus Action und Strategie in diesem ?Tower Offense Game?. Sie sind der Angreifer!Befehligen Sie den Commander. Mit der richtigen Auswahl von Spezialfähigkeiten sowie durch schnelle Reaktionen entscheiden Sie über Sieg oder Niederlage.Entscheiden Sie über die richtige Zusammenstellung und über die Marschroute Ihres Squads, nur die richtige Taktik und Strategie führt zum Erfolg.Treffen Sie tiefergehende taktische Entscheidungen, durch das sammeln von Ressourcen, können Sie z.B. neue Einheiten kaufen oder Ihre Truppen aufrüsten.Stundenlanger Spielspaß: Spiele Sie die herausfordernde Kampagne oder kämpfe Sie sich durch die zwei ?Squad Assault Modes?.Tauchen Sie in ein Spiel ein, das großartige Grafik und Sound bietet.PC-Touchscreens (kompatibel mit Windows 7) werden unterstützt! Berühren Sie den Bildschirm und erfreuen Sie sich an vollständiger taktischer Kontrolle.  Systemvoraussetzungen  PCBetriebssystem: Windows XP (SP2) / Vista / 7 Prozessor: Intel Pentium 4 2,4 GHz / AMD Athlon 64 +2800 Arbeitsspeicher: 1 GB RAM Grafikkarte: NVIDIA GeForce 7600 / ATI Radeon X1800, oder vergleichbar DirectX: 9.0c Festplatte: 1 GB freier SpeicherplatzSound: DirectX 9.0c kompatible SoundkarteMacBetriebssystem: OS X Snow Leopard 10.6.3 oder besserProzessor: Intel Pentium 4 2,4 GHz / AMD Athlon 64 +2800 Arbeitsspeicher: 2 GB RAMGrafik: NVIDIA GeForce 7600 / ATI Radeon X1800, oder vergleichbar Festplatte: 1 GB freier SpeicherplatzLinuxBetriebssystem: Linux Ubuntu 12.04 Prozessor: Intel / AMD Dual Core 2,8 GHz Arbeitsspeicher: 1 GB RAM Grafikkarte: nVidia GeForce 8600/9600GT, ATI/AMD Radeaon HD2600/3600, OpenGL 2.1 Festplatte: 4 GB freier SpeicherplatzSound: OpenAL kompatible Soundkarte","details":{"length":10607,"language":"de","date":"2014/10/31 16:18:37","type":"text/html","country":""},"crawling":{"duration":"1","date":"2014/10/31 16:18:37"},"metas":[{"name":"Title","value":"Anomaly - Warzone Earth im Preisvergleich"},{"name":"Keywords","value":"Anomaly - Warzone Earth, Anomaly - Warzone Earth Jetzt Anomaly Warzone Earth kaufen!   Bei uns bekommen Sie den Serial Code Key für die Aktivierung des Spiels von #MANUFACTURER# direkt per Email zugesendet. Mit dem Key können Sie sich das Spiel über Steam kostenlos herunterladen und installieren. Steam finden Sie hier. Schnell, einfach - sicher.  Video   Screenshots   Produktbeschreibung Anomaly: Warzone Earth ist eine unglaublich intensive Mischung aus Action und Strategiespiel, in dem Sie die Erde von fiesen Aliens befreien müssen, die sich in Großstädten wie Bagdad oder Tokio eingenistet haben. Das Spielprinzip kann am besten mit den Worten ?Tower Offense Game? beschrieben werden. Im Gegensatz zu einem klassischen ?Tower Defense Game?, in dem man die Rolle des Verteidigers übernimmt, versetzt Anomaly: Warzone Earth Sie in die Rolle der angreifenden Partei. Hierbei können Sie auf sechs verschiedene Truppentypen mit eigenen Stärken und Schwächen zurückgreifen. Neben dem erfrischenden Rollentausch bietet das Gameplay noch weitere Neuigkeiten im Vergleich zu klassischen Tower Defense Games. Durch eine direkt steuerbare Commander-Einheit, ist der Einsatz von verschiedenen Spezialattacken möglich. Ferner kann die Route der Einheiten in Echtzeit jederzeit flexibel geändert werden, um einen optimale Weg durch das Kampfgebiet festzulegen. Somit entstehen neue strategische Herausforderungen während des Kampfes und ein vollkommen neuartiges Spielerlebnis. Je höher Ihr Fortschritt in der Kampagne sowie in einem der zwei ?Squad Assault Modes? ausfällt, umso mehr Upgrades und neue Einheiten können von Ihnen freigeschaltet werden um das ultimative ?Squad? in den Kampf gegen die Aliens zu schicken.  Features Genießen Sie einen innovativen Gameplay-Mix aus Action und Strategie in diesem ?Tower Offense Game?. Sie sind der Angreifer!Befehligen Sie den Commander. Mit der richtigen Auswahl von Spezialfähigkeiten sowie durch schnelle Reaktionen entscheiden Sie über Sieg oder Niederlage.Entscheiden Sie über die richtige Zusammenstellung und über die Marschroute Ihres Squads, nur die richtige Taktik und Strategie führt zum Erfolg.Treffen Sie tiefergehende taktische Entscheidungen, durch das sammeln von Ressourcen, können Sie z.B. neue Einheiten kaufen oder Ihre Truppen aufrüsten.Stundenlanger Spielspaß: Spiele Sie die herausfordernde Kampagne oder kämpfe Sie sich durch die zwei ?Squad Assault Modes?.Tauchen Sie in ein Spiel ein, das großartige Grafik und Sound bietet.PC-Touchscreens (kompatibel mit Windows 7) werden unterstützt! Berühren Sie den Bildschirm und erfreuen Sie sich an vollständiger taktischer Kontrolle.  Systemvoraussetzungen  PCBetriebssystem: Windows XP (SP2) / Vista / 7 Prozessor: Intel Pentium 4 2,4 GHz / AMD Athlon 64 +2800 Arbeitsspeicher: 1 GB RAM Grafikkarte: NVIDIA GeForce 7600 / ATI Radeon X1800, oder vergleichbar DirectX: 9.0c Festplatte: 1 GB freier SpeicherplatzSound: DirectX 9.0c kompatible SoundkarteMacBetriebssystem: OS X Snow Leopard 10.6.3 oder besserProzessor: Intel Pentium 4 2,4 GHz / AMD Athlon 64 +2800 Arbeitsspeicher: 2 GB RAMGrafik: NVIDIA GeForce 7600 / ATI Radeon X1800, oder vergleichbar Festplatte: 1 GB freier SpeicherplatzLinuxBetriebssystem: Linux Ubuntu 12.04 Prozessor: Intel / AMD Dual Core 2,8 GHz Arbeitsspeicher: 1 GB RAM Grafikkarte: nVidia GeForce 8600/9600GT, ATI/AMD Radeaon HD2600/3600, OpenGL 2.1 Festplatte: 4 GB freier SpeicherplatzSound: OpenAL kompatible Soundkarte"},{"name":"Description","value":"Anomaly - Warzone Earth, Anomaly - Warzone Earth Jetzt Anomaly Warzone Earth kaufen!   Bei uns bekommen Sie den Serial Code Key für die Aktivierung des Spiels von #MANUFACTURER# direkt per Email zugesendet. Mit dem Key können Sie sich das Spiel über Steam kostenlos herunterladen und installieren. Steam finden Sie hier. Schnell, einfach - sicher.  Video   Screenshots   Produktbeschreibung Anomaly: Warzone Earth ist eine unglaublich intensive Mischung aus Action und Strategiespiel, in dem Sie die Erde von fiesen Aliens befreien müssen, die sich in Großstädten wie Bagdad oder Tokio eingenistet haben. Das Spielprinzip kann am besten mit den Worten ?Tower Offense Game? beschrieben werden. Im Gegensatz zu einem klassischen ?Tower Defense Game?, in dem man die Rolle des Verteidigers übernimmt, versetzt Anomaly: Warzone Earth Sie in die Rolle der angreifenden Partei. Hierbei können Sie auf sechs verschiedene Truppentypen mit eigenen Stärken und Schwächen zurückgreifen. Neben dem erfrischenden Rollentausch bietet das Gameplay noch weitere Neuigkeiten im Vergleich zu klassischen Tower Defense Games. Durch eine direkt steuerbare Commander-Einheit, ist der Einsatz von verschiedenen Spezialattacken möglich. Ferner kann die Route der Einheiten in Echtzeit jederzeit flexibel geändert werden, um einen optimale Weg durch das Kampfgebiet festzulegen. Somit entstehen neue strategische Herausforderungen während des Kampfes und ein vollkommen neuartiges Spielerlebnis. Je höher Ihr Fortschritt in der Kampagne sowie in einem der zwei ?Squad Assault Modes? ausfällt, umso mehr Upgrades und neue Einheiten können von Ihnen freigeschaltet werden um das ultimative ?Squad? in den Kampf gegen die Aliens zu schicken.  Features Genießen Sie einen innovativen Gameplay-Mix aus Action und Strategie in diesem ?Tower Offense Game?. Sie sind der Angreifer!Befehligen Sie den Commander. Mit der richtigen Auswahl von Spezialfähigkeiten sowie durch schnelle Reaktionen entscheiden Sie über Sieg oder Niederlage.Entscheiden Sie über die richtige Zusammenstellung und über die Marschroute Ihres Squads, nur die richtige Taktik und Strategie führt zum Erfolg.Treffen Sie tiefergehende taktische Entscheidungen, durch das sammeln von Ressourcen, können Sie z.B. neue Einheiten kaufen oder Ihre Truppen aufrüsten.Stundenlanger Spielspaß: Spiele Sie die herausfordernde Kampagne oder kämpfe Sie sich durch die zwei ?Squad Assault Modes?.Tauchen Sie in ein Spiel ein, das großartige Grafik und Sound bietet.PC-Touchscreens (kompatibel mit Windows 7) werden unterstützt! Berühren Sie den Bildschirm und erfreuen Sie sich an vollständiger taktischer Kontrolle.  Systemvoraussetzungen  PCBetriebssystem: Windows XP (SP2) / Vista / 7 Prozessor: Intel Pentium 4 2,4 GHz / AMD Athlon 64 +2800 Arbeitsspeicher: 1 GB RAM Grafikkarte: NVIDIA GeForce 7600 / ATI Radeon X1800, oder vergleichbar DirectX: 9.0c Festplatte: 1 GB freier SpeicherplatzSound: DirectX 9.0c kompatible SoundkarteMacBetriebssystem: OS X Snow Leopard 10.6.3 oder besserProzessor: Intel Pentium 4 2,4 GHz / AMD Athlon 64 +2800 Arbeitsspeicher: 2 GB RAMGrafik: NVIDIA GeForce 7600 / ATI Radeon X1800, oder vergleichbar Festplatte: 1 GB freier SpeicherplatzLinuxBetriebssystem: Linux Ubuntu 12.04 Prozessor: Intel / AMD Dual Core 2,8 GHz Arbeitsspeicher: 1 GB RAM Grafikkarte: nVidia GeForce 8600/9600GT, ATI/AMD Radeaon HD2600/3600, OpenGL 2.1 Festplatte: 4 GB freier SpeicherplatzSound: OpenAL kompatible Soundkarte"},{"name":"robots","value":"index, follow"},{"name":"revisit-after","value":"10 day"},{"name":"Language","value":"de"},{"name":"Creator","value":"Andreas Röder"},{"name":"Publisher","value":"Andreas Röder"},{"name":"Subject","value":"Billiger & günstig online kaufen durch unsere Preissuchmaschine und Gutscheine"},{"name":"Format","value":"text/html"},{"name":"Identifier","value":"http://www.preissirene.de/"},{"name":"audience","value":"all"},{"name":"rating","value":"general"},{"name":"Language","value":"de,at,ch,german,deutsch"},{"name":"Siteinfo","value":"http://www.Preissirene.de/robots.txt"},{"name":"rating","value":"General"},{"name":"distribution","value":"global"},{"name":"allow-search","value":"yes"}],"uri":{"protocol":"http","domain":"de.preissirene.","url":"http://preissirene.de/preisvergleich_4009750501924_1528905817.html"}}},{"_index":"de_content_201410","_type":"resourceQ","_id":"http://woodinis-spielplatz.de/grills/shopby/glas_silikon_kunstoff-leder-edelstahl_verchromt-baumwolle-acryl.html?___from_store=swiss&___store=german&gautzsch_grillzubehoer=860%2c861%2c864%2c868%2c869","_score":1.0, "_source" : {"body":" Mein Benutzerkonto Mein Warenkorb Zur Kasse Anmelden Language Deutschland Österreich Schweiz Woodinis-Spielplatz Warenkorb Sie haben 0 Artikel im Warenkorb Kunden-Hotline +49(0) 8841 - 67.89 - 260 Rückgaberecht 14 Tage Rückgaberecht Startseite Gartenstühle Gartenstühle Aluminium/Textil Gartenstühle Aluminium/Geflecht Gartenstühle Schmiedeeisen Gartenstühle - Klappsessel Gartenstühle - Stapelsessel Gartenstühle - Hochlehner Gartenstühle - Sessel Gartentische Ausziehtische Beistelltische Gartentisch rund Gartentisch quadratisch Gartentisch rechteckig Gartenbänke Gartenbänke Schmiedeeisen Gartenbänke Geflecht Gartenbänke Metall Gartenbänke Edelstahl Gartenliegen Gartenliege Alu/Textil Gartenliege Alu/Geflecht Rattan Gartenliege Stahl Gartenliegen Edelstahl/Textil Gartenliege Schmiedeeisen Gartenliegen Schmiedeeisen/Textil Gartenliegen Resysta/Textilen Markenhersteller MBM Sieger Freizeitmöbel Siena Garden Queen's Garden Woodinis-Spieltürme Woodinis Holzschaukeln Casprini Zubehör/Pflegeartikel Zubehör/Pflegeartikel G artenmöbel-Sets Lounge-Sets Garten-Tisch-Sets Loungemöbel Sessel, Mittel- u. Eckmodule Loungetische Lounge Polsterauflagen Polsterauflagen Auflagen für Gartenbänke Auflagen für Gartenliegen Polster für Lounge Gartenmöbel Auflagen für Gartensessel Polsterauflagen für Gartenstühle Kinderschaukeln Einzel- und Doppelschaukel Verschiedene Schaukelsitze Befestigungen Spieltürme Spieltürme Spielturm-Zubehör Gartenstühle Unterkategorien Gartenstühle Aluminium/Textil Gartenstühle Aluminium/Geflecht Gartenstühle Schmiedeeisen Gartenstühle - Klappsessel Gartenstühle - Stapelsessel Gartenstühle - Hochlehner Gartenstühle - Gartensessel Unsere Auswahl von Gartenstühlen Eine grosse Auswahl von edlen Gartensessel, romantischen Gartenstühlen oder stabilen Klappstühlen erwartet Sie hier. Immer eine gelungene Komposition aus modernster High Tech und gelungenem Design. Beispielsweise von Hand verschweisst oder aus einem Faden geflochten. Wir führen Hochlehner, Geflechtsessel, stapelbare, witterungsfeste und uv-resistente Gartenstühle, stöbern Sie selbst   Gartenstühle Gartentische Unterkategorien Ausziehtische Beistelltische Gartentisch rund Gartentisch quadratisch Gartentisch rechteckig Unsere Auswahl von Gartentische Der passende Gartentisch für Ihre Essgruppe, der Bistrotisch oder den klassisch quadratischen Gartentisch. Ob rund, rechteckig, quadratisch, als Beistelltisch oder Ausziehtisch wie haben für Jeden Geschmack und Geldbeutel etwas für Sie dabei. Treffen Sie Ihre Wahl.   Gartentische Gartenbänke Unterkategorien Gartenbänke Schmiedeeisen Gartenbänke Geflecht Gartenbänke Metall Gartenbänke Edelstahl Unsere Gartenbänke In unserer Auswahl finden Sie die klassische Gartenbank für die sonnenhungrigen, zum Relaxen oder die romantische Gartenbank, die den edlen Geschmack unterstreicht. Selbstverständlich führen wir auch die Rattan Gartenbank, die zu der ganzen Gruppe der Loungemöbel passt.   Gartenbänke Gartenliegen Liege Resysta/Textilen Liege Schmiedeeisen/Tex Liege Schmiedeeisen Liege Edelstahl/Tex Liege Stahl Liege Alu/Geflecht Liege Alu/Textilen Loungemöbel Unterkategorien - Sessel, Mittel- u. Eckmodule - Loungetische - Lounge Polsterauflagen  Hier im Bild Bellini Lounge Loungemöbel Gartenmöbel-Sets Unterkategorien - Lounge-Sets - Garten-Tisch Sets  Im Bild Bellini Rondo Tisch Gartnitur Gartenmöbel-Sets Marken Unterkategorien MBM Gartenmöbel Sieger Gartenmöbel Siena Garden Gartenmöbel Queen's Garden Gartenmöbel Char Broil Grill Woodinis Spieltürme Woodinis Holzschaukeln Casprini Designermöbel Polsterauflagen Unterkategorien Auflage für Bänke Auflage für Liegen Auflage für Loungemöbel Auflage für Sessel Auflagen für Stühle Zubehör/Pflegeartikel Kinderschaukeln Unterkategorien - Einzel- und Doppelschaukel - Verschiedene Schaukelsitze - Befestigungen Kinderschaukeln aus deutschem Holz Sie suchen die passende Holzschaukel für Ihr Kind?  Was darf es sein: die Einzelschaukel, die Doppelschaukel, das Klettergerüst, eine Schaukel mit Rutsche oder nur ein neuer Schaukelsitz? Jede unserer Schaukeln, Spieltürme, Klettergerüste sind handgefertigt in. Jede unserer Holzschaukeln für Ihren Garten sind handgefertigt in Deutschland, TÜV geprüft und auch zertifiziert. Sicherheit der Kinder zu Liebe !   Kinderschaukeln Kinder-Spieltürme Unterkategorien Spieltürme Spielturm-Zubehör Spieltürme mit u. ohne Schaukel Der klassische Spielturm ist unser Beauty Woodini. Er macht in jedem Garten eine Bella Figura. Aber auch die Spieltürme mit Klettergerüst oder inkl. Rutsche werden Sie hier finden. Für Rückfragen steht Ihnen unsere Kunden-Hotline jederzeit gerne zur Verfügung. In unserem Spielturm-Zubehör Sortiment finden Sie das Fernrohr, das Steuerrad, die Turnstange, die Klettersteine, alles was den Spielturm, noch schöner aussehen lässt.   Spieltürme Objekt & Design-Einrichtung Designerstühle Suche Home > Grills Grills     Char-Broil Gasgrills - die Nr. 1 erobert Deutschland mit der Infrarot-Technologie Was versteht man unter der TRU-Infrared™ Technologie? 2012 brachte der renomierte USA Hersteller Char-Broil die neue Generation seiner Barbecues und Outdoor-Garsysteme mit TRU-Infrared Technologie auf den Markt. Dank einer besonderen Kombination aus Wärmeleistung und Brennerkonstruktion verbraucht ein TRU-Infrared Garsystem von Char-Broil weniger Gas, gart das Grillgut schneller und erzielt ein um durchschschnittlich 30 Prozent saftigeres Ergebnis als andere Barbecues. Der Luftstrom in TRU-Infrared Barbecues ist streng begrenzt, so ist das Hochschlagen von Flammen praktisch unmöglich und es werden sehr gleichmäßige Temperaturen erzeugt, die sowohl langsames Garen als auch scharfes Anbraten präzise ermöglichen. Das leistungsstarke Garsystem ist dabei auch äußerst effizient: Es verbraucht ein Drittel weniger Gas als herkömmliche Gasbarbecues und macht das Grillen im Freien, selbst bei kältesten Wintertemperaturen, leicht und vor allem lecker! Diese sieben Vorteile von TRU-Infrared machen Ihr Grillerlebnis jedes Mal zum Erfolg ... lesen Sie hier  http://charbroil.dk/was-versteht-man-unter-der-tru-infrared-technologie/ 8 Artikel Zeige 44 60 100 pro Seite Sortieren nach Reihenfolge Name Preis Gartenmöbel Serie Gestell Material Material Sitzschale Designer Mengen-Set Gestellfarbe Stand-Fuss wählbar Sitzschale wählen Sitz-Ausführung Gestell-Varianten wählbar Farbe Gestellmaterial Liege-/Sitzmaterial Gestellfarbe Sitz-/Liege-Farbe Flächenmaterial Flächenfarbe Gestellfarbe Material Sitzmaße (HxBxT) cm Gesamt-Abmessung (LxBxH) Höhe Armlehnen Klappfunktion Stapelbar Höhenverstellbar Materialausführung Material Besteck u. Zubehör Regulärer Preis: 79,95 € Sonderpreis: 63,90 € Sie sparen: 16.05€ (20%) Inkl. 19% MwSt. , zzgl. Versandkosten Leopold Vienna Wildleder Grillschürze LV01183 Leder braun Die Wildleder Grillschürze (LV01183) vom Markenhersteller Leopold Vienna gehört zum Grillen dazu. Das Wildleder der Grillschürze ist pflegeleicht und für Jedermann geeignet. Regulärer Preis: 7,95 € Sonderpreis: 7,60 € Sie sparen: 0.35€ (4%) Inkl. 19% MwSt. , zzgl. Versandkosten Leopold Vienna Marinadenpinsel Silikon LV00252 Der Leopold Vienna Marinadenpinsel Silikon LV00252, Ihr Wegbegleiter beim Grillen, wenn Sie marinieren oder Ihren Salat anmachen wollen. Regulärer Preis: 15,95 € Sonderpreis: 14,98 € Sie sparen: 0.97€ (6%) Inkl. 19% MwSt. , zzgl. Versandkosten Leopold Vienna LV00209 Öl- und Essigzerstäuber 0,2 l Der Leopold Vienna LV00209 Öl- und Essigzerstäuber 0,2 l eignet sich bestens zum leichten Dosieren. Ob an Ihrem Grillabend oder in der Küche macht die aus Acryl bestehende Flasche immer eine gute Figur. Regulärer Preis: 12,95 € Sonderpreis: 10,99 € Sie sparen: 1.96€ (15%) Inkl. 19% MwSt. , zzgl. Versandkosten Leopold Vienna LV01166 Grillhandschuh schwarz Der Leopold Vienna LV01166 Grillhandschuh schwarz ist ein idealer Begleiter in der Küche als auch beim Grillen. Mit der Universalgrösse von 40 x 17 cm kann man problemlos kochen, grillen & backen. Regulärer Preis: 24,95 € Sonderpreis: 19,99 € Sie sparen: 4.96€ (20%) Inkl. 19% MwSt. , zzgl. Versandkosten Leopold Vienna LV01022 Leder-Grillhandschuhe braun, 2er-Set Grosses Paar Leder Grillhandschuhe - Leopold Vienna LV01022, Farbe Braun im 2er-Set. Stabile grosszügig geschnittenes Grillhandschuh Paar, die sowohl Handgelenk und grösstenteils auch Teile vom Unterarm abdecken. Regulärer Preis: 16,95 € Sonderpreis: 15,00 € Sie sparen: 1.95€ (12%) Inkl. 19% MwSt. , zzgl. Versandkosten Leopold Vienna Grillkorb, 4fach verstellbar LV01033 Mit dem Leopold Vienna Grillkorb, 4fach verstellbar grillen Sie mühelos. Ihr Fleisch oder Fisch kann optimal positioniert werden und im Handumdrehen gewendet werden, ohne Ihr Grillgut zu beschädigen. 8,95 € Inkl. 19% MwSt. , zzgl. Versandkosten Leopold Vienna LV01062 Steak Grillkorb, Stahldraht verchromt Der Leopold Vienna LV01062 Steak Grillkorb, aus verchromten Stahldraht hat einen Holzgriff. Mit dem passenden Grillhandschuhe ist der Steakgrillkorb in Null komma nix umgedreht. Regulärer Preis: 19,95 € Sonderpreis: 15,22 € Sie sparen: 4.73€ (24%) Inkl. 19% MwSt. , zzgl. Versandkosten Leopold Vienna Marinade-Stieltopf mit Silikonpinsel Edelstahl LV01024 Marinieren beim Grillen gehört ebenso dazu wie ein gutes, saftiges Stück Fleisch. Der Stiltopf mit Silikonpinsel sind aus Edelstahl, der auch auf dem Herd geeignet ist. Spülmaschinenfest, kratzfeste Innenseite, Leopold Vienna - wenn Grillen auch Genuss und Stil ist. 8 Artikel Zeige 44 60 100 pro Seite Sortieren nach Reihenfolge Name Preis Gartenmöbel Serie Gestell Material Material Sitzschale Designer Mengen-Set Gestellfarbe Stand-Fuss wählbar Sitzschale wählen Sitz-Ausführung Gestell-Varianten wählbar Farbe Gestellmaterial Liege-/Sitzmaterial Gestellfarbe Sitz-/Liege-Farbe Flächenmaterial Flächenfarbe Gestellfarbe Material Sitzmaße (HxBxT) cm Gesamt-Abmessung (LxBxH) Höhe Armlehnen Klappfunktion Stapelbar Höhenverstellbar Materialausführung Material Besteck u. Zubehör Hauptkategorien Gartenstühle Gartenstühle Aluminium/Textilbezug Gartenstühle Aluminium/Geflecht Gartenstühle Edelstahl/Teakholz Gartenstühle Edelstahl/Textilbezug Gartenstühle Eisen/Geflecht Gartenstühle Schmiedeeisen Gartenstühle Stahl Gartenstühle Stahl/Geflecht Klappsessel Stapelsessel Hochlehner Sessel Gartentische Ausziehtische Beistelltische Gartentisch rund Gartentisch quadratisch Gartentisch rechteckig Gartenbänke Gartenbänke Schmiedeeisen Gartenbänke Geflecht Gartenbank Metall Gartenbank Edelstahl Gartenliegen Liege Alu/Textilen Liege Alu/Geflecht Liege Stahl Liege Edelstahl/Tex Liege Schmiedeeisen Liege Schmiedeeisen/Tex Liege Resysta/Textilen Kissentruhen Loungemöbel Sessel, Mittel- u. Eckmodule Loungetische Lounge Polsterauflagen Polsterauflagen Auflage für Bänke Auflage für Liegen Auflage für Loungemöbel Auflage für Sessel Auflagen für Stühle Gartenmöbel-Sets Lounge-Sets Garten-Tisch Sets Zubehör/Pflegeartikel Marken MBM Gartenmöbel MBM Gartenmöbel Materialien Sieger Gartenmöbel Sieger Gartenmöbel Materialien Queen's Garden Gartenmöbel Queen's Garden Gartenmöbel Materialien Kinderschaukeln Einzel- und Doppelschaukel Verschiedene Schaukelsitze Befestigungen Spieltürme Spielturm-Zubehör Objekt & Design-Einrichtung Designerstühle Grills Grillzubehör Grillbesteck Filtern nach Currently Shopping by Material Besteck u. Zubehör: Acryl  , Baumwolle  , Edelstahl verchromt  , Glas/Silikon/Kunstoff  , Leder  Alles entfernen Einkaufsoptionen Kategorie Unterkategorie aussuchen Grillzubehör (8) Preis €7 €64 7 -  64   - Finden Hersteller Auswahl verfeinern Leopold Vienna (8) Material Besteck u. Zubehör Acryl (1) Baumwolle (1) Edelstahl (8) Edelstahl verchromt (3) Glas/Silikon/Kunstoff (1) Karbonstahl (1) Leder (2) Metall (2) Blog Kategorien Gartenmöbel Pflege im Frühjahr Neu - Ausstellungsräume von Woodinis-Spielplatz Gartentische – Welche Anforderungen haben Sie an Ihren Gartentisch? NEU Designermöbel für Objekteinrichtung & Zuhause Beliebte Schlagworte Casprini Designerstuhl Doppelschaukel Gartenmöbel Gartensessel Holz Holzschaukel Hoteleinrichtung Kinderschaukel Kinderspielturm Kletterseil MBM MBM Gartenmöbel Queens Garden Rutsche Schaukel Spielturm Stapelstuhl TÜV Woodinis Alle Schlagworte ansehen Gartenmöbel Pflege im Frühjahr Gartenmöbel pflegen - Frühjahrsputz - Hier finden Sie Tipps zur Reinigung und Pflege von Gartenmöbel insbesondere Tipps für Gartenmöbel aus Holz, Gartenmöbel aus Kunststoff, Gartenmöbel Polster, lesen Sie mehr ... Read more... ZEIT - GARTENMÖBEL WINTERFEST ZU MACHEN Wer ein Liebhaber von Gartenmöbeln ist, sollte rechtzeitig damit anfangen, seine Gartenmöbel für die Winterzeit zu schützen. In der Zeit wo die bunten Blätter auf der Strasse die nässe im Griff haben, ist es Zeit daran zu denken, Ihre Gartentische und Stühle oder auch Ihre Loungemöbel winterfest zu machen. ...  Read more... Kostenloser Versand Kostenloser Versand - Innerhalb von Deutschland wird jede eingehende Bestellung kostenlos geliefert. Nutzen Sie die Gelegenheit und sparen Sie! Lesen Sie mehr Read more... Newsletter Sie möchten informiert bleiben, unsere neuesten Angebote erhalten ? Tragen Sie sich bitte ein: Newsletter Anmelden Kontaktdaten Für Fragen, Beratung oder Fragen zu Ihrer Bestellung erreichen Sie uns wie folgt: Hotline: +49 (0)8841 - 67.89 - 260 Email: info@woodinis-spielplatz.de Sichern Sie sich Ihren Gutschein für die Saison 2014: Einfach in den Newsletter eintragen und Gutschein erhalten? 100% echte Kundenmeinungen Zeige Bewertungen von Karla-Oestmann Kundeninfo Holzschaukel - aus Deutschland Über uns Zusatz-Rabatte Kontakt Ausstellungsräume Seehausen Zahlungsmöglichkeiten © 2011 Woodinis-Spielplatz.de Ihre Vorteile BEST Price Garantie Kompetent beraten Versandkostenfrei Sicher bezahlen Einfach finden bequeme Rücksendung Informationen Impressum AGB Versandkosten Erweiterte Suche Kontaktieren Sie uns Datenschutz Widerrufsrecht Sitemap Pressestimmen   MBM Möbel, Gartenmöbel MBM, MBM Bellini Twist, MBM Rosanna, MBM Romeo, MBM Barbados, MBM Madrigal, MBM Tortuga, MBM Malibu, MBM Beverly, MBM Malaga, Gartentische MBM, Gartenbänke MBM, Loungemöbel MBM, MBM Resysta, Resysta Gartenmöbel, Queen's Garden, Sieger, Sieger Tische, Sieger Gartentische, Sieger Gartenstühle, Queen's Garden Lounge Möbel, Siena Garden, Queen's Garden Tische, Queen's Garden Stühle, Spieltürme, Beauty Woodini, Klettergerüst, Holz Schaukel, Kletterspielturm, Aufbauanleitungen © Design, Umsetzung und Support by Magento4all.com ","title":"Gasgrill mit Infrarot-Technologie - die USA Char-Broil Gas Grill Sensation","desc":"Kaum wegzudenken, das Grillen im Sommer. Mit der einzigartigen Infrarot-Technologie schafft es der renomierte Hersteller Char-Broil das Grillen mit Gas im Freien nicht nur Spass macht sondern das Grillgut auch im eigenen Saft lecker und zart verspeist werden kann.","details":{"length":14424,"language":"de","date":"2014/10/31 16:18:38","type":"application/xhtml+xml","country":""},"crawling":{"duration":"1","date":"2014/10/31 16:18:38"},"metas":[{"name":"description","value":"Kaum wegzudenken, das Grillen im Sommer. Mit der einzigartigen Infrarot-Technologie schafft es der renomierte Hersteller Char-Broil das Grillen mit Gas im Freien nicht nur Spass macht sondern das Grillgut auch im eigenen Saft lecker und zart verspeist werden kann."},{"name":"robots","value":"INDEX,FOLLOW"},{"name":"viewport","value":"width=device-width, initial-scale=1, maximum-scale=1"},{"name":"viewport","value":"width=device-width, initial-scale=1, maximum-scale=1"},{"name":"DC.title","value":"Woodinis-Spielplatz"},{"name":"language","value":"de"},{"name":"language","value":"DE"},{"name":"geo.region","value":"DE-BY"},{"name":"geo.placename","value":"Seehausen"},{"name":"geo.position","value":"47.6887070;11.1918140"},{"name":"ICBM","value":"47.6887070;11.1918140"}],"uri":{"protocol":"http","domain":"de.woodinis-spielplatz.","url":"http://woodinis-spielplatz.de/grills/shopby/glas_silikon_kunstoff-leder-edelstahl_verchromt-baumwolle-acryl.html?___from_store=swiss&___store=german&gautzsch_grillzubehoer=860%2c861%2c864%2c868%2c869"}}},{"_index":"de_content_201410","_type":"resourceQ","_id":"http://bunzlauergrosshandel.de/epages/61072310.sf/de_de/?objectpath=/shops/61072310/products/%22416+tradition+8+bsn+1570%22","_score":1.0, "_source" : {"body":" Kontakt Form / Töpferei / Dekor nach Form sortiert › Formen Töpferei 1 › Aschenbecher Auflaufformen › Auflaufform, 28,5 x 23 cm Auflaufform, 32,5 x 27 x 8 cm Auflaufform, 25 x 18 x 6 cm Auflaufform, 36 x 21 x 9 cm Auflaufform, 25 x 19 x 7 cm Auflaufform, 29 x 23 x 7 cm Auflaufform, 21 x 13 x 4 cm Auflaufform 25 x 18 x 5 cm Auflaufform 27 x 19 x 5 cm Auflaufform 20 x 20 x 7 cm Auflaufform 32 x 27 x 4 cm Auflaufform 28 x 23 x 6 cm Auflaufform 35 x 26 x 6,5 cm Auflaufform 28 x 23 x 4 cm Auflaufform, 25 x 19 x 4 cm Backform Becher › Kugelbecher 220 ml Henkelbecher, 300 ml Kugelbecher, 350 ml Becher, 450 ml Kugelbecher, 500 ml Cappuccino Becher Kinderbecher Pott Max Bratapfelform Brot- und Bratentopf Brottopf Brottopf Service 6 Personen Butterdose 250 g Butterdose & Käseglocke Dose, Höhe 10 cm, Vol. 450 ml Dose, Höhe 15 cm, Vol. 600 ml Dose, Höhe 21 cm, Vol. 1,3 l Dose in Eiform Dose modern Eierbecher Eierbecherteller Espressotassen Flaschenkühler Frühstücksteller, Ø 20cm Fingerhut Flaschenkorken Fondue- u. Knabberteller Frühstücksbrett Glocke, 15 cm Höhe Glocke, mittel Glocke, gross Glücksschwein Henkelschale, Ø 27 cm, 5,5 cm Hund sitzend Hund Henkelschale, Ø 20 cm, 5 cm hoch Herzbackform, 15,5 x 15 cm, 8 cm Herzbackform, 21 x 18 cm, 6 cm Herzbackform, 15,5 x 14 cm, 4 cm hoch Kaffeefiltertütenhalter Katzenfigur edel Kanne mit Deckel Korb mit Henkel Kastenbutterdose Keksdose Hase Figur Kerzenständer, ca. 9,5 cm hoch Kuchenteller, Ø 20 cm Kerzenständer, 19 cm hoch, eckig Kerzenständer, Höhe 15,5 cm Knoblauchtopf, 900 ml Kreuz Küchenbrett, 40 x 28,5 cm gross Küchenrollenhalter Krüge › Volumen 150 ml - Höhe 7,5 cm Volumen 500 ml - Höhe 11 cm Volumen 500 ml - Höhe 9 cm Volumen 700 ml - Höhe 10 cm Volumen 600 ml - Höhe 12 cm Volumen 1000 ml - Höhe 11 cm Volumen 1000 ml - Höhe 16 cm Volumen 1500 ml - Höhe 12 cm Volumen 1500 ml - Höhe 16 cm Volumen 2000 ml - Höhe 18 cm Volumen 3000 ml - Höhe 22 cm Volumen 1100 ml - Höhe 19 cm Käsedame, 20 x 19 cm Knabberteller Käsedame, 23 x 23 cm Löffel, lang, für Salat Maxi Milch & Zucker & Tablett Maxitasse, 375 ml Menagen Milch & Zucker & Tablett Mittagsteller, Ø 25,5 cm Mörser mit Schlegel Miniaturen Puppengeschirr Möbelknöpfe Marmeladendose, groß Pony Pastateller Papiertuchspender Pfannenwender Platten › Schale / Platte, ca. 26 x 16 cm Platte, 41,5 x 14,5 cm Platte, 41 x 26,5 cm Fürstliche Platte, 39 x 39 cm Platte, 45 x 27 cm Platte, 21 x 13 cm Platte, 35 x 21 cm Platte auf Fuß, Ø 29 cm, Höhe 13 cm Tortenplatte 33/30 cm Platte, 29,5 x 18 cm Platte, 26,5 x 26,5 cm Platte 21 x 21 cm Tannenbaum Platte, 20 x 20 cm Herzplatte, 23 x 22 cm Platte, 32 x 14,5 cm Platte, 28 x 28 cm Platte, 27 x 29 cm Platte, 25 x 25 x 3 cm Quadratische Platten Salatteller XXL, Ø 27 cm Streuer Servierschale, 26x20,↑12 cm Sparschwein gross Sauciere Saftpresse Schale mit Deckel Schalen › Schale, Ø 9,5 cm, Höhe 5 cm Schale, Ø 14,5 cm, Höhe 6 cm Schale, Ø 17 cm, Höhe 7 cm Schale, Ø 20 cm, Höhe 8,5 cm Schale, Ø 24 cm, Höhe 8,5 cm Schale, Ø 27,5 cm, Höhe 11 cm Schale, Ø 13 cm, Höhe 5,5 cm, 350 ml Vol. Schale, Ø 27 cm, Höhe 13 cm Schale mit gewelltem Rand, Ø 27,5 cm, Höhe 7,5 cm Schale mit gewelltem Rand, Ø 24 cm, Höhe 6 cm Schale mit gewelltem Rand, Ø 20 cm, Höhe 5 cm Schale, 32 x 18 cm, 5 cm hoch Schale mit gewelltem Rand, Ø 16 cm, Höhe 4,5 cm Schale mit gewelltem Rand, Ø 11 cm, Höhe 3 cm Schale, Ø 34,5 cm, Höhe 7,5 cm Schale, Ø 32,5 cm, Höhe 16 cm Schale, Ø 22 cm, Höhe 11 cm Schale, Ø 33 cm, Höhe 12 cm Schale, Ø 32,5 cm, Höhe 7 cm Schale, Ø 27 cm, Höhe 10 cm Schale, Ø 26 cm, Höhe 9 cm Schale, Ø 14,5 cm, Höhe 8,5 cm Schale, Ø 33,5 cm, Höhe 10 cm Schale, Ø 18,5 cm, Höhe 8 cm Schale, 9,5 x 9,5 cm, Höhe 4,5 cm Schale, 12,5 x 12,5 cm, Höhe 5 cm Schale, 23 x 23 cm, Höhe 9 cm Schale, Ø 12,5 cm, Höhe 4,5 cm Schale, Ø 16 cm, Höhe 5,5 cm Schale & Auflaufform, Ø 19,5 cm, Höhe 4,5 cm Schale, Ø 28,5 cm, Höhe 10 cm Olivenschale, 25,5 cm x 4 cm, Höhe 2,5 cm Schale, Ø 19,5 cm, Höhe 7,5 cm Olivenschale, 31 x 5 cm, Höhe 2,5 cm Schale, Ø 15 cm, Höhe 6,5 cm Schale, Ø 16 cm, Höhe 4 cm Schale, Ø 10,5 cm, Höhe 5,5 cm Schale, Ø 24 cm, Höhe 9 cm Schale, Ø 26 cm, Höhe 11 cm Tartform, Ø 25,5 cm, 5,5 cm hoch Tartform, Ø 28 cm, 6 cm hoch Vorspeisen Schale 34 cm lang Schale, Ø26 cm, ↑11 cm Schale Ø27 cm, ↑7cm Schale, 18x18 cm, Höhe 5,5 cm, Vol. 0,65 l Schaufel Schmandgießer gross Schirmständer, Höhe 38 cm Schuh Seifenschale Seifenspender Service Serviettenhalter Senftopf, 200 ml, 11 cm Suppenkellen Suppenteller, Ø 21,5 cm Suppentasse Ø 10 cm, 6,5 cm hoch Suppentasse, 3-teilig, 400 ml Salatlöffel Schmetterlinge Suppenterrine, 3,6 l Suppenterrine 1,5 l Tasse Untertasse 150 ml Tasse, 200 ml und Untertasse Tasse Untertasse 200 ml Tasse Untertasse 150 ml Teelichthalter, Ø 8,5 cm Teller / Platte 20 x 20 cm Teller / Platte 15 x 15 cm Teekannen / Kaffeekannen › Teekanne 400 ml Teekanne 900 ml Teekanne 1200 ml Teekanne & Stövchen 1200 ml Kaffeekanne 1500 ml Teekanne 1800 ml Teekanne 3000 ml Teigrolle Teddybär Teebeutelablage Tortenheber Untersetzer für Töpfe / Pfannen Unterteller für Becher, 21,5 x 13 cm Vasen › Vase 32 cm hoch Bodenvase 27 cm hoch Vase 25 cm hoch Vase, Amphore, 30,5 cm hoch Vase / Wärmflasche Vase 24 cm hoch Vase Höhe 38 cm Vase Höhe 18 cm Vase Höhe 18,5 cm Vase Höhe ca. 23,5 cm Vase 33 cm hoch Bodenvase 32 cm Vogel Vogel Windlicht Weihnachtsbaum Wasserbutterdose Weihwasserbecken XXL Tasse / Untertasse Zitronenpresse Zuckerdose Zwiebeltopf / Kartoffeltopf Zwiebeltopf Formen Töpferei 5 › Becher mit Fuss, 250 ml Becher mit Siebeinsatz, 250 ml Butterdose Dessertteller Ø 19 cm Dose, Volumen ca. 1000 ml Dose, Volumen ca. 120 ml Dose, Volumen ca. 450 ml Eierbecher Frühstücksbrettchen Glocke Henkelschale Ø 26 cm Henkelschale Ø 30 cm Krug / Vase, 800 ml, 17 cm hoch Krug, 400 ml Krug, 650 ml Milchkännchen / Krug, 200 ml Pott 300 ml, 9 cm hoch Schale, 19 x 15 cm, 4 cm hoch Schale, Ø 23 cm, 5 cm hoch Teekanne/Kaffeekanne, 1,1 l Komplett Service 6 Personen Teekanne (1100 ml) mit Stövchen Dose, ca. 12 x 9 cm, 8 cm hoch Dose, Ø 14 cm, 16 cm hoch Elefant, klein, 10 x 4 x 9 cm Platte 23 x 15 cm Schüssel, Ø 13 cm, Höhe 6 cm Schüssel, Ø 15 cm, Höhe 7 cm Schüssel, Ø 19 cm, Höhe 8 cm Schüssel, Ø 23 cm, Höhe 9 cm Schale, ca. 14 x 14 x 4,50 cm Schale, ca. 19 x 14 cm, Höhe 5 cm Schale, ca. 20 x 15 cm, Höhe 5 cm Schale / Auflaufform, 19 x 24 x 4 cm Schale / Auflaufform, ca. 23 x 29 x 4,5 cm Schildkröte, gross, 23 x 18 x 8 cm Formen Töpferei 7 › Auflaufform Brottopf, 2 bis 3 Personen Brottopf Maxi XXL Butterdose Duftlampe Durchschlag Etagere Einzelstücke Espressotasse Eule Engel Ei als Dose Eierwärmer Gurkeneinlege Topf, 7 Liter Kugelbecher 220 ml Komplett Service, 6 Personen Küchenbrett, 42 x 35 cm Käsedame maxi Kanne mit Deckel 1,5 liter Keksdose Kartoffeltopf Kasserole, oval mit Deckel Korken Küchentuchhalter Knoblauchtopf Krüge › Krug 500 ml Krug 1000 ml Krug 1500 ml Krug 2000 ml Maxitassen 500 ml Milchkännchen 120 ml Nachttopf Pott, 300 ml, 10 cm hoch Stövchen groß Schalen › Schale, Ø 8 cm, 4 cm hoch Schale, Ø 11 cm, 6 cm hoch Schale, Ø 14 cm, 6,50 cm hoch Schale, Ø 18 cm, 7 cm hoch Schale, Ø 20 cm, 9 cm hoch Schale, Ø 24 cm, 10 cm hoch Schale, Ø 29 cm, 11 cm hoch Schneidebrett 23 x 15 cm Suppentasse Ø 10 cm, 7 cm hoch Suppenterrine Tasse Untertasse (Friesentasse) Terrine, Ragouttopf, 3l Teller sortiert › Teller (Frühstück Kuchen Abendbrot) Ø18 cm Teller (Frühstück Kuchen Abendbrot) Ø22 cm Teller Ø26 cm Essteller Suppenteller Ø24 cm - Höhe 4 cm Teekanne, Kaffeekanne, 0,9 l Teekanne, Kaffeekanne, 1,2 l Teekanne, Kaffeekanne, 3 l Tortenplatte Teller mit Deckel, 22x22x12 cm Uhr Untersetzer Zuckerdose Marmeladendose Zwiebeltopf Nach Traditionsmustern sortiert › Ich Dich auch Tradition 1 Tradition 2 Tradition 3 Töpferei 1 Tradition 4 Tradition 5 Töpferei 1 Tradition 6 Töpferei 1 Tradition 7 Tradition 8 Tradition 9 Tradition 10 Töpferei 1 Tradition 11 Tradition 12 Tradition 13 Töpferei 1 Tradition 20 Tradition 22 Tradition 24 Töpferei 1 Tradition 25 Tradition 26 Tradition 27 Tradition 28 Tradition 29 Tradition 30 Tradition 31 Tradition 39 Tradition 53 Töpferei 1 Ego portabo in corde meo Keramik mit Herz Tradition 3 Töpferei 7 Tradition 5 Töpferei 7 Tradition 6 Töpferei 7 Tradition 10 Töpferei 7 Tradition 13 Töpferei 7 Tradition 24 Töpferei 7 Tradition 50 Tradition 51 Tradition 52 Tradition 53 Töpferei 7 Tradition 54 Tradition 55 Tradition 56 Tradition 57 Tradition 58 Tradition 59 Tradition 60 Tradition 62 Tradition 63 Tradition 64 Tradition 65 Tradition 67 Tradition 69 Tradition 70 Tradition 71 Tradition 73 Töpferei 7 Tradition 76 Töpferei 7 Tradition 75 Tradition 80 Tradition 81 Tradition 83 Tradition 90 Töpferei 7 Tradition 94 Töpferei 7 Tradition 95 Töpferei 7 Tradition 96 Töpferei 7 Tradition 97 Tradition 100 Tradition 3 komplett Tradition 5 komplett Tradition 6 komplett Tradition 10 komplett Tradition 13 komplett Tradition 15 komplett Tradition 22 komplett Tradition 24 komplett Tradition 53 komplett Nach Unikatsmuster sortiert › Unikat 1 Unikat 2 Unikat 3 Unikat 4 Unikat 5 Unikat 7 Unikat 10 Unikat 18 Unikat 22 Unikat 57 Unikat 98 Töpferei 7 Unikat 99 Töpferei 7 Unikat 101 Töpferei 7 Unikat 102 Unikat 103 Töpferei 7 Unikat 104 Signature 100 Töpf. 7 Signature 1 Töpf. 7 Signature 2 Töpf. 7 Signature 3 Töpf. 7 Signature 4 Töpf. 7 Signature 5 Töpf. 7 Signature 6 Töpf. 7 Signature 7 Töpf. 7 Signature 102 Töpf. 7 Outlet Neuheiten 07 2014 Sets zum Sonderpreis 12er Sets der Bunzlauer Keramik 6er Sets Bunzlauer Keramik Geschirr 4er Sets Bunzlauer Keramik Geschirr 3er Sets Bunzlauer Winter Geschirr Frühstück & Abendbrot Becher › Becher 250 ml Becher 300 ml Pott 300 ml Becher 350 ml Unikat Restbestand Becher 250 ml Unikat Pott 350 ml Kugelbecher ca. 220 ml Kugelbecher max. 350 ml Kugelbecher 500 ml Becher auf Fuß Pott knapp 500 ml Becher auf Fuss Unikat Kinderbecher Teebecher mit Sieb Brottöpfe Butterdosen Eierbecher Eierbecherteller Frühstücksbretter Tee - Kaffeeservice Küchenbrett / Käseplatte Maxi-Tassen 375-500 ml Milchkännchen Messer für Butter & Käse Milchkännchen & Zuckerdose Marmeladen-, Honigdosen Tassen, Untertassen Teller › Unterteller für Becher Teeteller 16,50 cm Frühstücksteller 19/20/22 cm 24 cm hochgezogener Rand Suppenteller Fondeuteller Essteller 25,50 cm Pasta-/Nudelteller, 23,5 cm XXL Salat- Eintopfteller 27 cm Restbestände Teller Unterteller Maxitassen Teekannen & Kaffeekannen › 250 ml Volumen 400 ml Volumen Kaffeekannen 400 ml & Stövchen 900 ml Volumen 1000 ml Volumen 1200 ml Volumen 1200 ml Volumen 1700 ml Volumen 1800 ml Volumen › Stövchen für 1800 ml Unikat verschiedene Volumina 3000 ml Volumen Vorratsdosen › Butterdosen Marmeladen-, Honigdosen Eierwärmer Keksdosen Zwiebeltopf & Knoblauchtopf Bowletopf Mittagstisch Auflaufformen Brottöpfe Becher › Becher 250 ml Becher 300 ml Pott 300 ml Becher 350 ml Unikat Restbestand Becher 250 ml Unikat Pott 350 ml Kugelbecher ca. 220 ml Kugelbecher max. 350 ml Kugelbecher 500 ml Becher auf Fuß Pott knapp 500 ml Becher auf Fuss Unikat Teebecher mit Sieb Bratapfelform › Stövchen für die Bratäpfel Essig, Öl, Menagen Flaschenkühler Fürstliche Platte Herzplatten Käsemarien Küchenbrett / Käseplatte Löffelablagen Löffel, Gabel, Kelle, Messer Platten & Saucieren Suppenkellen Saucieren Schalen Salatbesteck Salz & Pfeffer & Zahnstocher Serviettenringe Suppenterrinen Teller › Unterteller für Becher Teeteller 16,50 cm Frühstücksteller 22 cm 24 cm hochgezogener Rand Suppenteller Fondeuteller Essteller 25,50 cm Essteller 26 cm Pasta-/Nudelteller, 23,5 cm XXL Salat- Eintopfteller 27 cm Restbestände Teller Unterteller Maxitassen Untersetzer Untersetzer Vorratsdosen › Butterdosen Marmeladen-, Honigdosen Eierwärmer Keksdosen Dose für marinierte Heringe Zwiebeltopf & Knoblauchtopf Bowletopf Küche Brottöpfe Becher › Becher 250 ml Becher 300 ml Pott 300 ml Becher 350 ml Unikat Restbestand Becher 250 ml Unikat Pott 350 ml Kugelbecher ca. 220 ml Kugelbecher max. 350 ml Kugelbecher 500 ml Becher auf Fuß Kugelbecher II.Wahl Pott knapp 500 ml Becher auf Fuss Unikat Teebecher mit Sieb Backformen Bowletopf Kartoffeltopf Komplettservice aus Bunzlau Frühstücksbretter Kaffeefilterhalter Küchenbrett / Käseplatte Keksdosen Korken Flaschenverschluss Teller › Unterteller für Becher Teeteller 16,50 cm Frühstücksteller 22 cm 24 cm hochgezogener Rand Suppenteller Fondeuteller Essteller 25,50 cm Pasta-/Nudelteller, 23,5 cm XXL Salat- Eintopfteller 27 cm Unterteller Maxitassen Krug / Krüge Küchenrollenhalter Mörser mit Schlegel Pfannenwender Schaufeln Schrankknöpfe, Möbelknöpfe Teigrollen Nudelholz Teekannen & Kaffeekannen › 250 ml Volumen 400 ml Volumen Kaffeekannen 400 ml & Stövchen 900 ml Volumen 1000 ml Volumen 1200 ml Volumen 1200 ml 1700 ml Volumen 1800 ml Volumen › Stövchen für 1800 ml Unikat verschiedene Volumina 3000 ml Volumen Vasen Vorratsdosen › Butterdosen Marmeladen-, Honigdosen Eierwärmer Keksdosen Zwiebeltopf & Knoblauchtopf Bowletopf Zitronenpressen Zwiebeltopf & Knoblauchtopf Winterliches Dekoration Eulen Elefanten Hunde Katzen Ostern Miniaturen Puppengeschirr Pony Schildkröten Schmetterlinge Teddybär Vögel Vasen Ziege Förderungen Ihr Warenkorb ist leer. Produkte Kontakt Form / Töpferei / Dekor nach Form sortiert Nach Traditionsmustern sortiert Nach Unikatsmuster sortiert Outlet Neuheiten 07 2014 Sets zum Sonderpreis Frühstück & Abendbrot Mittagstisch Küche Winterliches Dekoration Förderungen weitere Kategorien Übersicht des Onlineshops Gästebuch Blog Forum Warenkorb Ihr Warenkorb ist leer. Anmeldung E-Mail-Adresse Kennwort Anmelden Kennwort vergessen? Registrieren Newsletter Name (optional) E-Mail Abonnieren Abbestellen Produkte Form / Töpferei / Dekor Nach Töpfereien sortiert Geschirr Töpferei 1 Platte, 41,5 x 14,5 cm, Tradition 8 - BSN 1570 Drucken Neu Platte, 41,5 x 14,5 cm, Tradition 8 - BSN 1570 Produkt jetzt als Erster bewerten Auf Lager Umzugspreis 53,50 € 42,80 € Sie sparen 10,70 € Heute ab 77 Euro keine Versandkosten in Deutschland Zuhause in die Hand nehmen Wenn es nicht gefällt, einfach zurückschicken.   Den Bunzlauergrosshandel zeichnet aus : Schnelle Lieferung Kompetenter Service  Zertifizierter Käuferschutz Alle Preise verstehen sich inkl. MwSt und zuzüglich Versandkosten Rabatt wegen Umzug heute noch Preisvergünstigungen Hinzufügen zum Warenkorb Frage stellen Beschreibung Preisvergünstigungen Bestellnummer: 1570 - Töpferei 1   Ein traumhafte, lange Bunzlauer Platte. Schön als Käseplatte oder für Stollen, Blechkuchen oder Pizzastücke. Die Maße: ca. 41,5 cm x 14,5 cm. Original Bunzlauer Keramik aus Schlesien 1. Wahl Produziert nach ISO EN 9001 (höchste europäische Qualitätsnorm). Wie alles Bunzlauer Geschirr natürlich spülmaschinen-, mikrowellen- und backofenfest. Höchste Qualität Handarbeit Wert Rabatt ab 1,00 € 0,5 % ab 200,00 € 4 % ab 375,00 € 4,5 % ab 500,00 € 5 % ab 750,00 € 7 % ab 1.000,00 € 9 % ab 1.500,00 € 11 % Auch diese Kategorien durchsuchen: Töpferei 1, Tradition 8, Platten & Saucieren, Platte, 41,5 x 14,5 cm Impressum Kontakt AGB Datenschutz Kundeninformation Platte, 41,5 x 14,5 cm, Tradition 8 - BSN 1570 - Teeservice,Becher,Brottopf,Geschirr Set-Porzellan Geschirr kaufen im Bunzlauergrosshandel ","title":"Platte, 41,5 x 14,5 cm, Tradition 8 - BSN 1570 - Teeservice,Becher,Brottopf,Geschirr Set-Porzellan Geschirr kaufen im Bunzlauergrosshandel","desc":"Bestellnummer: 1570 - Töpferei 1 Ein traumhafte, lange Bunzlauer Platte. Schön als Käseplatte oder für Stollen, Blechkuchen oder Pizzastücke. Die Maße: ca. 41,5 cm x 14,5 cm. Original Bunzlauer Keramik aus Schlesien 1. Wahl Produziert nach ISO EN 9001 (höchste europäische Qualitätsnorm). Wie alles Bunzlauer Geschirr natürlich spülmaschinen-, mikrowellen- und backofenfest. Höchste Qualität Handarbeit","details":{"length":15101,"language":"de","date":"2014/10/31 16:18:38","type":"text/html","country":""},"crawling":{"duration":"1","date":"2014/10/31 16:18:38"},"metas":[{"name":"description","value":"Bestellnummer: 1570 - Töpferei 1 Ein traumhafte, lange Bunzlauer Platte. Schön als Käseplatte oder für Stollen, Blechkuchen oder Pizzastücke. Die Maße: ca. 41,5 cm x 14,5 cm. Original Bunzlauer Keramik aus Schlesien 1. Wahl Produziert nach ISO EN 9001 (höchste europäische Qualitätsnorm). Wie alles Bunzlauer Geschirr natürlich spülmaschinen-, mikrowellen- und backofenfest. Höchste Qualität Handarbeit"},{"name":"keywords","value":"Töpferei 1,Bunzlauer Keramik,Bunzlauer Geschirr,Porzellan,Bunzlauergrosshandel,Keramikversand,Platte,platten,Stollenplatte, Servierplatte"},{"name":"og:image","value":"http://www.bunzlauergrosshandel.de/WebRoot/Store2/Shops/61072310/4605/9569/6C7F/5949/5CFB/51A9/90B2/E15E/005.JPG"},{"name":"google-site-verification","value":"TbhPyP_jVhaO-0xLvq6mDxCSD0-f_IhLmhgrHxv32Gs"},{"name":"verify-v1","value":"wQGMLj+jd6+qwnrWEFRudj5IirKkk90PhxfsvU7cw1Q="},{"name":"google-site-verification","value":"yrsSSVNB4GNBV5fylYyrsGHXRhdB4_Ht89SHYyVDpMo"},{"name":"google-site-verification","value":"0DEFCWiBzR38QqQPp30W9tVatHPmq4C03yyKitDiXQM"},{"name":"google-site-verification","value":"sgVHIgMvHXWk8qabxPsB5a9ShWEA5lZjKcoFgz0TZ6Q"}],"uri":{"protocol":"http","domain":"de.bunzlauergrosshandel.","url":"http://bunzlauergrosshandel.de/epages/61072310.sf/de_de/?objectpath=/shops/61072310/products/%22416+tradition+8+bsn+1570%22"}}},{"_index":"de_content_201410","_type":"resourceQ","_id":"http://paparosso.de/shop/da-paparosso-1/mshop_onl.php?acat=salate&arid=498&atim=1402753780&azut=zutstd&pr=1","_score":1.0, "_source" : {"body":" Online Bestellen Über Uns Angebote Jobs Liefergebiete Impressum Aktion Pizza Salate Pasta Paparollos Schnitzel Dessert Getränke Wunschpizza Eiscreme   Salate Salate Nr. Artikel Preis  206 Pizzabrot 2,00 € 207 Knoblauchpestobrot 3,50 € 208 Pizzabrötchen mit Käse 3,00 € 496 Garnelenteller Mixsalat, Tomaten, Gurken, Cocktailtomaten, Rucola mit Viniagrettesoße 5,90 € 497 Schafskäse Teller Mixsalat, Gurken, Tomaten, Schafskäse, Vinaigrettesoße, Petersilie 5,90 € 498 Mozzarella Teller Mixsalat, Gurken, Tomaten, Mozarella, Vinaigrettesoße, Petersilie 5,90 € 499 Beilagensalat Mixsalat, Gurken, Tomaten, Karotten, Joghurtsoße, Petersilie 3,90 € 500 Garten Salat Mixsalat, Zwiebeln, Paprika, frische Pilze, Tomaten, Gurken, Karotten, Knofisoße, Petersilie 6,90 € 501 Italienischer Salat Mixsalat, Käse, Schinken, Zwiebeln, Tomaten, Gurken, Vinaigrettesoße, Petersilie 6,90 € 502 Rosso Salat Mixsalat, Mozarella, Tomaten, Zwiebeln, Oliven, Karotten, Rosso-Soße, Petersilie 6,90 € 503 Rosso Spezial Mixsalat, Käse, Thunfisch, Zwiebeln, Tomaten, Gurken, Karotten, Rosso-Soße, Petersilie 6,90 € 504 Griechischer Salat Mixsalat, Schafskäse, Gurken, grüne Peperoni, Zwiebeln, Oliven, Vinaigrettesoße, Petersilie 6,90 € 505 Huhn Salat Mixsalat, zarte Hähnchenbrust, Ananas, Gurken, Tomaten, Karotten, Rosso-Soße, Petersilie 6,90 € 506 Thunfisch Salat Mixsalat, Gurken, Thunfisch, Mais, Zwiebeln, frische Pilze, Tomaten, Knofisoße, Petersilie 6,90 € 507 Rucola Salat Mixsalat, Rucola, Parmaschinken, Kirschtomaten, Parmesan, Vinaigrettesoße 7,90 € * Zusatzstoffe Login Warenkorb Mind.bestellwert: ab 10 € - Endpreis: 5,90 €   Lieferadresse Anrede: * Herr Frau Vorname: * Nachname: * Firma, Abteilung: Straße, Nr.: * Etage/Hinterhof: PLZ, Ort: * Telefon: * E-Mail: Lieferzeitpunkt / Besonderheiten: Per EC-Card * Pflichtfeld Öffnungszeiten Mo-Fr 11:00-14:45 & 17:00-22:45 Sa & So 11:30-22:45 24.12 Geschlossen 25.12 Geschlossen 26.12 15:00-22:30 01.01 12:00-22:30 © Papa Rosso | Erstellt durch Lieferdienste Online. ","title":"Papa Rosso - Pizzeria Darmstadt - Heidelberger Str. 96a","desc":"Papa Rosso. Pizzeria, Restaurant, Straßenverkauf, Bringdienst.","details":{"length":2005,"language":"de","date":"2014/10/31 16:18:37","type":"application/xhtml+xml","country":""},"crawling":{"duration":"1","date":"2014/10/31 16:18:37"},"metas":[{"name":"description","value":"Papa Rosso. Pizzeria, Restaurant, Straßenverkauf, Bringdienst."},{"name":"keywords","value":"Papa Rosso, Darmstadt, Pizza, Salate, Getränke, Online-Bestellung."},{"name":"robots","value":"index, follow"},{"name":"revisit-after","value":"7 days"},{"name":"publisher","value":"lieferdienste-online.de"},{"name":"author","value":"lieferdienste-online.de"},{"name":"copyright","value":"lieferdienste-online.de"},{"name":"language","value":"de"}],"uri":{"protocol":"http","domain":"de.paparosso.","url":"http://paparosso.de/shop/da-paparosso-1/mshop_onl.php?acat=salate&arid=498&atim=1402753780&azut=zutstd&pr=1"}}},{"_index":"de_content_201410","_type":"resourceQ","_id":"http://forum.isoliert.de/memberlist.php?mode=viewprofile&sid=035817806197b4eef3cac5278f520180&u=1699","_score":1.0, "_source" : {"body":" Toggle navigation Downloads Suche Blog Kontakt Mich bei jedem Besuch automatisch anmelden Meinen Online-Status während dieser Sitzung verbergen Registrieren Zum Inhalt Du musst registriert und angemeldet sein, um Profile anzuschauen. Mich bei jedem Besuch automatisch anmelden Meinen Online-Status während dieser Sitzung verbergen Ich habe mein Passwort vergessen Die Aktivierungs-E-Mail erneut senden Registrieren Unbeantwortete Themen Aktive Themen Das Team Alle Cookies des Boards löschen Alle Zeiten sind UTC + 1 Stunde [ Sommerzeit ] ","title":" • Anmelden","desc":null,"details":{"length":540,"language":"de","date":"2014/10/31 16:18:38","type":"application/xhtml+xml","country":""},"crawling":{"duration":"1","date":"2014/10/31 16:18:38"},"metas":[{"name":"resource-type","value":"document"},{"name":"distribution","value":"global"},{"name":"keywords","value":""},{"name":"description","value":""},{"name":"viewport","value":"width=device-width, user-scalable=yes, initial-scale=1.0, minimum-scale=1.0"}],"uri":{"protocol":"http","domain":"de.isoliert.forum.","url":"http://forum.isoliert.de/memberlist.php?mode=viewprofile&sid=035817806197b4eef3cac5278f520180&u=1699"}}},{"_index":"de_content_201410","_type":"resourceQ","_id":"http://events.northware.de/bch/index.php?616374696f6e3d6576656e745f7374617475732673716c5f6f726465725f62793d75736572732e636c75622673716c5f6f726465725f6469723d4153432673716c5f6c696d69743d3230266576656e745f69643d3734","_score":1.0, "_source" : {"body":" Home Events Inloggen login: unknown; ip: 37.16.72.213 Als je je wilt aanmelden voor een race gebruik de login button bovenin en maak een account aan. Vul wel alle gegevens daadwerkelijk in. Dit is vanaf nu de enige manier om je voor de BCH races aan te melden! NK Race 1: Ouddorp+ALV NK Race 2: IJmuiden NK Race 3: Brouwersdam NK Reserve Datum: IJmuiden NK Race 4: Brouwersdam NK Race 5: IJmuiden NK Race 6: Ouddorp NK Reserve Datum: Ouddorp NK Race 7: Texel NK Race 6: Ouddorp Ouddorp,  2014-05-17 Tot 2014-05-18 Registratie sluiting 2014-05-11 Kosten inschrijving: - 18 jaar en ouder 25 Euro - 13 tot en met 17 jaar 15,00 Euro - tot en met 12 jaar 5 Euro De betaling kan geschieden op: - Rekeningnummer.: 44.77.16.972 - Ten name van: Buggy club Holland te Roosendaal Meer informatie in de BCH sectie van Vliegerforum. Aanmeldings stand alle Master Open Helper pagina 1 van 3   laat records zien: 10 20 30 40 50 75 100 klik kolom voor sorteren # Buggy-Nr. Voornaam Achternaam Vereniging Klasse Categorie 1 H-0169 william pelgrim BCH Open Heren 2 H-0161 Peter Faas BCH Open Heren 3 H-0002 Marc ten Brink BCH Open Heren 4 H-0076 Johan van Kemenade BCH Open Heren 5 H-0134 Bertil Voogd BCH Open Heren 6 H-0500 Lennert Stevens BCH Master Heren 7 H-0122 Marieke van Pinxteren BCH Open Dames 8 H-0170 Mark van den Berg BCH Master Heren 9 H-0123 Marijn van der Elst BCH Open Heren 10 H-0127 stefan Raaijmakers BCH Open Heren 11 H-0020 Michel Dekker BCH Master Heren 12 H-0035 Bert Aalbers BCH Master Heren 13 H-0052 Jort Noordhuis BCH Master Heren 14 H-0203 Roger Vaessen BCH Open Heren 15 H-0013 Robert Smits BCH Master Heren 16 H-0001 stephan van bommel BCH Master Heren 17 H-0112 Joey Boumans Bch Open Heren 18 H-0004 Wouter van der Kamp BCH Open Junioren 19 H-0060 Erik Koldenhof BCH Open Heren 20 H-0116 Sander Koper BCH Open Heren pagina 1 van 3   laat records zien: 10 20 30 40 50 75 100 ","title":"event_status","desc":null,"details":{"length":1890,"language":"nl","date":"2014/10/31 16:18:39","type":"text/html","country":""},"crawling":{"duration":"1","date":"2014/10/31 16:18:39"},"metas":[],"uri":{"protocol":"http","domain":"de.northware.events.","url":"http://events.northware.de/bch/index.php?616374696f6e3d6576656e745f7374617475732673716c5f6f726465725f62793d75736572732e636c75622673716c5f6f726465725f6469723d4153432673716c5f6c696d69743d3230266576656e745f69643d3734"}}},{"_index":"de_content_201410","_type":"resourceQ","_id":"http://elektro-skateboard.de/forum/gebrauchtboerse-78/evo-street-600-a-2649.php","_score":1.0, "_source" : {"body":" Elektro-Skateboard Drop-In Infos / FAQ eBoards Tabelle News Events Händler Suche Testberichte Tuning Kontakt Community Forum deutsch Forum englisch Wiki Bilder & Alben Videos Marken eSkates EVO-Skate Evolve GECCO Mo-Bo Skatey Yuneec Foren durchsuchen » Erweiterte Suche » Stichwortsuche Neuste Threads Skatenight Haßloch 2014 06.07.2014 14:46 Suche Hinterachse für ES... 06.07.2014 13:38 Wheelman 06.07.2014 03:44 e-go 05.07.2014 23:57 Neuer Eigenbau mit... 05.07.2014 11:34 Hallo aus Duisburg 05.07.2014 08:29 Planung Elektro... 04.07.2014 17:37 Gecco 800 Lifepo4 04.07.2014 17:00 1st Offroad eSkate... 04.07.2014 14:47 Suche nach... 04.07.2014 14:16 Zeige alle ungelesenen Zeige alle von heute   Elektro-Skateboard, E-Skateboard, E-Board - Forum: elektro-skateboard.de > deutsch > Elektro-Skateboards Allgemein > Gebrauchtbörse Evo street 600 Hinweise Willkommen im Elektro Skateboard Forum Registriere Dich jetzt werde ein Teil in unserer Elektro-Skateboard Gemeinschaft und nutze die Vorteile der kostenlosen Mitgliedschaft unseres Forums Gleichgesinnte Elektro-Skateboarder kennenlernen Tipps und Tricks rund ums Elektro-Skateboard Eigene Bilder und Videos hochladen 100% kostenlos (Dieser Hinweis verschwindet nach der Registrierung) Evo street 600   Themen-Optionen   # 1   14.05.2014, 20:26 Philip1234 Elektro-Skater   Registriert seit: 05.06.2013 Beiträge: 3 Evo street 600 399€ ��PREIS VERHANDELBAR �� Falls ihr Bilder wollt , schickt mir eure Mail ! STREET 600 von EVO Damals habe ich es für 529 €(Preis noch immer gleich) plus 55€ Versand (wegen dem Gewicht) gekauft ! Jetzt will ich das Evo-Skateboard verkaufen! Es ist ungefähr ein halbes Jahr alt ! Evo ist die beste und älteste Firma für Elektroboards ! So wie Apple bei den Smartphones ! Es schaut noch ziemlich neu aus ! Trotz extremer Vorsicht hat es ein paar Schrammen am Motor . Aber das ist normal und nicht vermeidbar(man bemerkt die Kratzer am ersten Blick nicht)! Es funktioniert perfekt und der Akku hat erst ca.30 Ladezyklen hinter sich ! Da ich ich auf meine Sachen vorallem teure aufpasse war ich auf das Board extrem heikel! Ich bin 15 und Abholung wäre gut , aber ich kann es natürlich auch verpacken und schicken !Für die Versandkosten würde ich nur 25€ verlangen ! Höchstgeschwindigkeit nach Hersteller �� 25km/h ! Ich habe auf gerader Strecke mehr als 30km/h geschafft ! ��Helmpflicht Reichweite : Hersteller �� 15 km Ich mit 60 Kilo habe einmal(Test) 25 km erreicht Ersatzriemen und Ladekabel ist genau wie bei der Lieferung vom Hersteller im Kauf dabei. Kaufbeleg und die deutsche Anleitung habe ich aufgehoben ! 3 Stufen in der Fernbedienung : Anfänger,Fortgeschritten,Profi Nach Kauf habt ihr von mir keine Garantie,Umtausch oder Gewährleistung.. Bei Fragen bitte antwortet « Vorheriges Thema | Nächstes Thema » Themen-Optionen Druckversion anzeigen Jemanden per E-Mail auf dieses Thema hinweisen Anmelden Benutzername: Kennwort: Angemeldet bleiben? Du bist noch kein Mitglied? Jetzt registrieren! Online Shop Klamotten Schutzkleidung Beleuchtung Reifen Goodies Banner Aufkleber Wallpaper Neuste Fotos Neuste Videos   Impressum | AGB | Datenschutz Copyright by Elektro-Skateboard.de Konzeption, Design und Realisierung: ITD - Hauser Powered by vBulletin® Version 3.8.7 (Deutsch) Copyright ©2000 - 2014, vBulletin Solutions, Inc. Content Relevant URLs by vBSEO ©2010, Crawlability, Inc. Elektro-Skateboards / Electric-Skateboards / E-Skateboards ","title":" Evo street 600 - Elektro-Skateboard, E-Skateboard, E-Board - Forum: elektro-skateboard.de","desc":"399€ ��PREIS VERHANDELBAR �� Falls ihr Bilder wollt , schickt mir eure Mail ! STREET 600 von EVO Damals habe ich es für","details":{"length":3434,"language":"de","date":"2014/10/31 16:18:37","type":"application/xhtml+xml","country":""},"crawling":{"duration":"1","date":"2014/10/31 16:18:37"},"metas":[{"name":"generator","value":"vBulletin 3.8.7"},{"name":"keywords","value":"Evo,street,600, Evo street 600, e-skateboard, e-board, elektro-skateboard, electric-skateboard, skateboard elektrisch, elektronisch, skateboard motor, skateboard akku, skateboard batterie, elektrisches skateboard, elektronisches skateboard, elektromotor skateboard,skateboard elektro antrieb, powerboard, motorized board"},{"name":"description","value":"399€ ��PREIS VERHANDELBAR �� Falls ihr Bilder wollt , schickt mir eure Mail ! STREET 600 von EVO Damals habe ich es für"}],"uri":{"protocol":"http","domain":"de.elektro-skateboard.","url":"http://elektro-skateboard.de/forum/gebrauchtboerse-78/evo-street-600-a-2649.php"}}},{"_index":"de_content_201410","_type":"resourceQ","_id":"http://philosumpf.20six.de/philosumpf/art/499282/","_score":1.0, "_source" : {"body":" Philosumpf   * Startseite     * Archiv     * Gästebuch     * Kontakt     * Abonnieren * themen      Stimmungen      Philosophische Fragmente...      tägliches.... * Links      schlagloch.at      surrealismus      mehrschichtig      traumhaft      blogpoesie bei 20six      blogpoesie      Eulenspiegel ....Liebe flüstert der Laut flüstert laut schreit hinaus Liebe...Tragig, Dramatik....Senftkorn Geburt, Geschenk, Liebe...flüstert der Ton     2.7.06 20:21   verlinken   bisher 0 Kommentar(e)     TrackBack-URL Name: Email: Website: E-Mail bei weiteren Kommentaren Informationen speichern (cookie)  smileys einfügen Verantwortlich für die Inhalte und Daten dieses Weblogs ist der Autor. Datenschutzerklärung / Dein kostenloses Weblog bei 20six.de / myblog.de! / Verkehrsrechtsschutzversicherung ","title":"philosumpf -  @ 20six.de","desc":"....Liebe flüstert der Lautflüstert lau","details":{"length":796,"language":"de","date":"2014/10/31 16:18:37","type":"text/html","country":""},"crawling":{"duration":"1","date":"2014/10/31 16:18:37"},"metas":[{"name":"description","value":"....Liebe flüstert der Lautflüstert lau"},{"name":"keywords","value":"myblog, weblog, blog, blogger, bloggen, blog lesen, blog-community, social media"},{"name":"robots","value":"INDEX,FOLLOW"},{"name":"revisit-after","value":"2 days"}],"uri":{"protocol":"http","domain":"de.20six.philosumpf.","url":"http://philosumpf.20six.de/philosumpf/art/499282/"}}},{"_index":"de_content_201410","_type":"resourceQ","_id":"http://schminke.de/kinderschminke-water-make-up-60ml--1216.html?modsid=a0qa2u7a82vrrtoam8u967air7","_score":1.0, "_source" : {"body":"     Mein Konto Warenkorb Kasse Home » Schminke » Kinderschminke » Kinderschminke Water make up 60ml      Profi Make up / Theater Make up    Make up    Profi Make up    Make up Palette    HD Make up    Airbrush Make up    Make up Set    Theaterschminke    Gesichtsbemalung Bodypainting    Glitzer Schminke & Co    Schminke       Kinderschminke      Neon Schminke      Schminkset      Schminkstifte      Aqua Schminke      Schminkpalette      Schminkbücher Professionelles Zubehör    Künstliche Wimpern    Make up Schwämme    Make up Pinsel    Make up Koffer Schminkspiegel    Bärte    Farbige Kontaktlinsen    Latex Teile Glatze    Farbiges Haarspray Karneval Halloween Schminke    Halloween Schminke    Vampirzähne    Karneval Schminke Marken    Kryolan    Ben Nye    Grimas    Maskada [<<Erstes] [<zurück] [weiter>] [Letztes>>] 23 in dieser Kategorie Kinderschminke Water make up 60ml ab 12,50 EUR inkl. 19 % MwSt. zzgl. Versandkosten Zum Schminken bei Kinder.     20,83 EUR pro 100 Milliliter Artikeldatenblatt drucken   Lieferzeit: 3-4 Arbeitstage   Kinderschminke Detail Die Kinderschminke ist ideal bei Gesichtbemalung, als Bodypainting Farbe, beim Kinderschminken und Karneval, Fasching. Die Kinderschminke ist ein unparfümiertes Wasser Make-up für Gesichts- und Körperbemalung. Die Schminke bringt einen schönen, glatten und wischfesten Film auf die Haut. Es ist empfehlenswert die Schminke mit einem Pinsel aufzutragen. Das Make up verleiht ein angenehmes Gefühl und zieht kaum während der Trocknung. Anwendung Die Kinderschminke kann direkt auf der Haut angewendet werden. Sie können aber auch zuerst eine dünne Schicht Cake Make up auftragen. Dies bietet den Vorteil, dass die Farben des Water Make-ups gleichmäßiger aufzutragen sind, dass sie kräftiger erscheinen und sich später auch wieder leichter entfernen lassen. Cake Make-up trocknet schnell und vermischt sich nicht mit dem der Schminke. Wenn Sie mit Water Make-up arbeiten, ist es wichtig, dass Sie dieses auf einer nicht zu fettigen Haut auftragen. So haftet das Make-up besser auf der Haut und hält das Ergebnis länger Water Make-up funktioniert wie Wasserfarbe. Machen Sie mit einem Pinsel oder einem Make up Schwämmchen und etwas Wasser die Farboberfläche cremig. Arbeiten Sie nicht zu trocken, aber auch nicht zu nass. Water Make up, wie Silber und Gold, haben eine körnigere Struktur und brauchen etwas mehr Wasser. Water Make-up trocknet innerhalb von 15 Sekunden.  Wenn Sie nicht möchten, dass sich die Farben miteinander vermischen, warten Sie bis die erste Farbschicht trocken ist, bevor Sie eine weitere darüber oder daneben auftragen. Wechseln Sie das Wasser, worin Sie Ihre Pinseln ausspülen, regelmäßig aus und arbeiten Sie vorzugsweise mit zwei Behältern: einem für helle und einem für dunkle Töne. Water Make-up kann auch auf den Haaren verwendet werden, sofern diese nicht vorbehandelt sind. Verwenden Sie hierzu einen Zahnbürste. Entfernen Sie können die Haut leicht mit lauwarmem Wasser und Seife (oder Shampoo) reinigen und so schon einen Großteil entfernen. Kurz einmassieren und mit lauwarmem Wasser abspülen. Zu viel reiben mit Wasser und Seife oder Shampoo kann die Haut reizen. Sie können die Haut eventuell weiter reinigen mit einer Cleansingmilch oder Cleansingcream. Kurz einmassieren und mit einem weichen Papiertuch abwischen. Benutzen Sie keine Abschminke, weil diese Wachse und Öle enthält, die das Water Make up erst recht an der Haut haften lassen. Falls ein Farbschleier auf der Haut zurückbleibt, können Sie diesen entfernen mit Grimas Cleansing Lotion. Falls sich die Haut nach dem Reinigen trocken anfühlt, können Sie eine pflegende Creme auftragen. Haare, die mit Water Make up gefärbt wurden, reinigen Sie mit Shampoo. Spülen Sie das Water Make-up eventuell unter fließendem Wasser ab und tupfen Sie das Make up mit sauberen Zellstofftüchern trocken. Lassen Sie das Make up an der Luft trocknen und schließen Sie den Deckel erst, wenn das Water Make up trocken ist. Kühl und trocken lagern bis zum nächsten Gebrauch. .   Auswahl:  001 101 102 103 201 202 203 301 302 303 304 401 403 404 407 501 502 503 505 506 508 601 602 1001 1040 701 - silber 13,25 EUR 702 - gold 13,25 EUR   Suche: Erweiterte Suche » Warenkorb Ihr Warenkorb ist leer. Willkommen zurück!   E-Mail-Adresse: Passwort: Passwort vergessen?     Informationen Zahlungen / Versandkosten Datenschutz AGB Widerrufsrecht Muster-Widerrufsformular Impressum Kontakt Sitemap Mehr über... mod ified eCommerce Shopsoftware © 2009-2014 Parse Time: 0.417s ","title":"Kinderschminke Water make up 60ml - Make up Schminke","desc":"Kinderschminke Water make up 60ml:  [TAB:Kinderschminke Detail] Die Kinderschminke ist ideal bei Gesichtbemalung, als Bodypainting Farbe, beim ...","details":{"length":4520,"language":"de","date":"2014/10/31 16:18:38","type":"application/xhtml+xml","country":""},"crawling":{"duration":"1","date":"2014/10/31 16:18:38"},"metas":[{"name":"keywords","value":"kinderschminke, water, make, up, gesichtbemalung, bodypainting, farbe, kinderschminken, karneval, fasching, unparfümiertes, wasser, make-up, gesichts, körperbemalung"},{"name":"description","value":"Kinderschminke Water make up 60ml:  [TAB:Kinderschminke Detail] Die Kinderschminke ist ideal bei Gesichtbemalung, als Bodypainting Farbe, beim ..."},{"name":"language","value":"de"},{"name":"robots","value":"index,follow"},{"name":"author","value":"Wöppel"},{"name":"publisher","value":"Wöppel"},{"name":"company","value":"Make up Atelier"},{"name":"page-topic","value":"shopping"},{"name":"reply-to","value":"info@schminke.de"},{"name":"revisit-after","value":"14"},{"name":"generator","value":"(c) by modified eCommerce Shopsoftware ------ http://www.modified-shop.org"}],"uri":{"protocol":"http","domain":"de.schminke.","url":"http://schminke.de/kinderschminke-water-make-up-60ml--1216.html?modsid=a0qa2u7a82vrrtoam8u967air7"}}},{"_index":"de_content_201410","_type":"resourceQ","_id":"https://shop.reitschule-pegasus.pinarts.de/default.asp?node=31,0,0,0,0&sid=183107853&tid=1","_score":1.0, "_source" : {"body":" Bestell- und Service Hotline Rufen Sie uns kostenlos an 0800 5378466 oder +49 8151 65 36 35 Volltextsuche Artikelnummer Kategorien Accessoires Damenbekleidung Herrenbekleidung Kinderbekleidung Bestellen leichtgemacht Allgemeines Öffnungszeiten Lieferbedingungen AGBs Rücktrittsrecht Zahlungsmöglichkeiten Impressum Neukunden Registrierung Login: Kundenbereich Startseite Herrenbekleidung Bedrucktes Pegasus Poloshirt Art-Nr: 3765 € 29,50 Bedruckte Sweat Jacke Hooded Art-Nr: 3932 € 47,00 Bedruckter Strickpullover Art-Nr: 4117 € 67,00 Bedruckte Fleece Jacke Art-Nr: 4127 € 67,00 Warenkorb Ihr Warenkorb ist leer Zur Kasse Zahlungsmöglichkeiten © Copyright Reitschule Pegasus e.V. © Copyright pinarts.de - All rights reserved. ","title":"Reitschule Pegasus - Damen- Herren- Kinderbekleidung: Poloshirts, Bodywarmer, Hosen, Jacken, Westen, Caps, Accesoires, Zubehör","desc":"Reitschule Pegasus - Damen- Herren- Kinderbekleidung: Poloshirts, Bodywarmer, Hosen, Jacken, Westen, Caps, Accesoires, Zubehör","details":{"length":727,"language":"de","date":"2014/10/31 16:18:39","type":"text/html","country":""},"crawling":{"duration":"1","date":"2014/10/31 16:18:39"},"metas":[{"name":"robots","value":"index, follow"},{"name":"description","value":"Reitschule Pegasus - Damen- Herren- Kinderbekleidung: Poloshirts, Bodywarmer, Hosen, Jacken, Westen, Caps, Accesoires, Zubehör"},{"name":"keywords","value":"Reitschule Pegasus - Damen- Herren- Kinderbekleidung: Poloshirts, Bodywarmer, Hosen, Jacken, Westen, Caps, Accesoires, Zubehör"},{"name":"author","value":"Reitschule Pegasus e.V."},{"name":"copyright","value":"Reitschule Pegasus e.V."},{"name":"publisher","value":"Reitschule Pegasus e.V."}],"uri":{"protocol":"https","domain":"de.pinarts.reitschule-pegasus.shop.","url":"https://shop.reitschule-pegasus.pinarts.de/default.asp?node=31,0,0,0,0&sid=183107853&tid=1"}}},{"_index":"de_content_201410","_type":"resourceQ","_id":"http://style.castingshow-news.de/uhren,zf88add6vrbagchd,ec_braun,770101,f_marienkaefer,bwfyawvua8okzmvy,pa","_score":1.0, "_source" : {"body":" CSN-Logo CastingShow-News.de Alle Infos und News zu DSDS, The Voice, Das Supertalent, X Factor, Popstars, GNTM uvm | CastingShow-News.de Forum Kontakt Startseite Das Supertalent Gewinner Freddy Sahin-Scholl Leo Rojas Michael Hirte Ricardo Marinello Yvo Antoni Interviews Jury Bruce Darnell Dieter Bohlen Motsi Mabuse Sylvie van der Vaart Moderatoren Daniel Hartwich Marco Schreyl Teilnehmer DSDS Gewinner Alexander Klaws Daniel Schuhmacher Elli Erl Luca Hänni Mark Medlock Mehrzad Marashi Pietro Lombardi Thomas Godoj Tobias Regner Interviews Jury Bruce Darnell Dieter Bohlen Fernanda Brandao Natalie Horler Nina Eichinger Patrick Nuo Volker Neumüller Moderatoren Marco Schreyl Teilnehmer Germany´s Next Topmodel Gewinner Alisar Ailabouni Barbara Meier Jana Beller Jennifer Hof Lena Gercke Sara Nuru Interviews Jury Heidi Klum Peyman Amin Qualid \"Q\" Ladraa Rolf Scheider Thomas Hayo Thomas Rath Teilnehmer Popstars Gewinner BroSis LaVive Monrose No Angels Nu Pagadi Overground Queensberry Room2012 Some & Any Interviews Jury Alex Christensen Detlef D! Soost Fernanda Brandao Marta Jandová Michelle Leonard Teilnehmer Vocal-Coach Kate Hall X Factor Gewinner David Pfeffer (2011) Edita Abdieski Interviews Jury Das Bo George Glueck H.P. Baxxter Moses Pelham Sarah Connor Till Brönner Moderation Jochen Schropp Teilnehmer The Voice of Germany Gewinner Ivy Quainoo Jury Nena Rea Garvey The BossHoss Xavier Naidoo Moderation Stefan Gödde Teilnehmer Sonstige American Idol America´s Got Talent America´s Next Topmodel Austria´s Next Topmodel Britain‘s Got Talent Bundesvision Song Contest DSDS Kids Das perfekte Model Dein Song Deutschlands beste Partyband Die Model-WG Die große Chance Eurovision Song Contest Lena Meyer-Landrut Fashion & Fame My Name is Pop Idol Project Runway RTL Comedy Grand Prix Sommermädchen TV Total´s Next Supermodel The Voice (AUS) The Voice (GB) The Voice (US) The X Factor (GB) The X Factor (US) The winner is… Moderation Österreichs Nächstes Malemodel Österreichs Nächstes Topmodel Bekleidung Accessoires Schmuck Schuhe Taschen Uhren Beauty Wohnen Haushalt Drogerie Sport und Freizeit Spielzeug Start » Uhren » Braun [x] » marienkäfer [x] Online Shop Nur reduzierte Artikel Sortieren nach: Beliebteste Neueste Preis: aufsteigend Preis: absteigend * Alle Angaben ohne Gewähr. Preise können sich zwischenzeitlich geändert haben. Bei Sale-Produkten stellt der durchgestrichene Preis den alten Verkaufspreis dar, der rote Preis ist der neu gültige Verkaufspreis. Es gelten die AGB des jeweiligen Shops 0 Ergebnisse 1 nach oben ⇑ Geschlecht männlich weiblich Kategorien Filter entfernen X Uhren (2) Armbanduhren (1) Preis 0 - 5 EUR 5 - 15 EUR 15 - 25 EUR 25 - 75 EUR 75 - 150 EUR 150 - 500 EUR ab 500 EUR % SALE % Nur reduzierte Artikel Farbe Filter entfernen X Muster Filter entfernen X marienkäfer © Copyright CastingShow-News.de 2012. Alle Rechte vorbehalten. Impressum | Über Uns | Mediadaten | Sitemap ","title":"Online Shop","desc":null,"details":{"length":2927,"language":"de","date":"2014/10/31 16:18:39","type":"text/html","country":""},"crawling":{"duration":"1","date":"2014/10/31 16:18:39"},"metas":[{"name":"description","value":""},{"name":"keywords","value":""},{"name":"robots","value":""},{"name":"og:title","value":"Online Shop"},{"name":"og:type","value":"product"},{"name":"og:site_name","value":"Online Shop"},{"name":"og:image","value":""},{"name":"og:url","value":"http://style.castingshow-news.de/uhren,zf88add6vrbagchd,ec_braun,770101,f_marienkaefer,bWFyaWVua8OkZmVy,pa"},{"name":"og:description","value":""}],"uri":{"protocol":"http","domain":"de.castingshow-news.style.","url":"http://style.castingshow-news.de/uhren,zf88add6vrbagchd,ec_braun,770101,f_marienkaefer,bwfyawvua8okzmvy,pa"}}},{"_index":"de_content_201410","_type":"resourceQ","_id":"http://tv-sulz.de/handball-manager/lmo/lmo.php?action=results&file=handball+landesliga+2008-09.l98&lmouserlang=portugues&lmouserlang=magyar&st=15","_score":1.0, "_source" : {"body":" Handball Landesliga Nord Männer 2008/09 Naptár  Eredmények/Helyezések   Menetrend   Kereszttábla   Csapat grafikonok   Statisztika   Spielerstatistik     Infó 01  02  03  04  05  06  07  08  09  10  11  12  13  14  15  16  17  18  19  20  21  22  23  24  25  26  15. Forduló kezdete 17.01.2009 vége 18.01.2009 Samstag, 17.01. 20:00   TV Wolfach  -   TS Ottersweier   28 : 25        Samstag, 17.01. 20:00   TV Seelbach  -   SG Schenk./Schiltach   22 : 24        Samstag, 17.01. 20:00   TuS Altenheim 2  -   TuS Memprechtshofen   26 : 25        Samstag, 17.01. 20:00   TV Sulz  -   TV Kehl   27 : 32   TV Sulz – TV Kehl Itt találja majd a meccsjegyzõkönyvet (Az oldal egy új böngészõ ablakban fog megnyílni)  Samstag, 17.01. 20:00   FA Bietigheim  -   TuS Ottenheim   31 : 44        Sonntag, 18.01. 16:30   SV Kappelwindeck  -   SR Yburg Steinbach   34 : 34        Sonntag, 18.01. 16:30   SG Mugg./Kuppenh.  -   HTV Meißenheim   32 : 34         Tore: 418       Tore/meccs: 59.71   << Ugorj az elõzõ fordulóra    Ugorj az következõ fordulóra >>  Helyezések  Otthon  Idegenben  Elsõ kör  Második kör 15. Forduló  Mcs Gy D V   Pkt.   Tore +/- 1 TS Ottersweier   TS Ottersweier Figyelem: Letzte Runde Landesliga Platz 5   15 11 2 2   24 : 6   507 : 416 91 2 TV Sulz   TV Sulz Figyelem: Letzte Runde Landesliga Platz 3   15 12 0 3   24 : 6   457 : 421 36 3 SR Yburg Steinbach   SR Yburg Steinbach Figyelem: Letzte Runde Landesliga Platz 2   15 10 1 4   21 : 9   528 : 463 65 4 SV Kappelwindeck   SV Kappelwindeck Figyelem: Letzte Runde Landesliga Platz 8   15 9 2 4   20 : 10   440 : 422 18 5 HTV Meißenheim   HTV Meißenheim Figyelem: Südbadenligaabsteiger Platz 13   15 8 1 6   17 : 13   470 : 447 23 6 TV Kehl   TV Kehl Figyelem: Meister Bez. Klasse Offenburg   15 7 3 5   17 : 13   421 : 434 -13 7 TuS Ottenheim   TuS Ottenheim Figyelem: Südbadenligaabsteiger Platz 14   15 6 1 8   13 : 17   448 : 430 18 8 SG Schenk./Schiltach   SG Schenk./Schiltach Figyelem: Letzte Runde Landesliga Platz 9   15 6 1 8   13 : 17   406 : 410 -4 9 SG Mugg./Kuppenh.   SG Mugg./Kuppenh. Figyelem: Letzte Runde Landesliga Platz 10   15 6 1 8   13 : 17   414 : 432 -18 10 TuS Altenheim 2   TuS Altenheim 2 Figyelem: Letzte Runde Landesliga Platz 12   15 5 2 8   12 : 18   387 : 420 -33 11 TV Seelbach   TV Seelbach Figyelem: Letzte Runde Landesliga Platz 6   15 4 3 8   11 : 19   410 : 442 -32 12 FA Bietigheim   FA Bietigheim Figyelem: Letzte Runde Landesliga Platz 7   14 4 2 8   10 : 18   433 : 452 -19 13 TV Wolfach   TV Wolfach Figyelem: Meister Bez. Klasse Schwarzwald   15 4 1 10   9 : 21   408 : 449 -41 14 TuS Memprechtshofen   TuS Memprechtshofen Figyelem: Meister Bez. Klasse Rasatt   14 2 0 12   4 : 24   350 : 441 -91  Összesen-Tore: 10571       Tore /meccs: 58.08 Forduló nyomtatása  Menetrend nyomtatása    << Bajnokság választó megtekintése    Bajnokság utoljára frissítve: 02.05.2009 16:51 Az oldal kiszámításának és elkészítésének ideje: 0.1751 sek. LMO 4.0RC1 -  © 1997-2005 LMO-Group ","title":"Handball Landesliga Nord Männer 2008/09","desc":null,"details":{"length":2981,"language":"hu","date":"2014/10/31 16:18:40","type":"text/html","country":""},"crawling":{"duration":"1","date":"2014/10/31 16:18:40"},"metas":[],"uri":{"protocol":"http","domain":"de.tv-sulz.","url":"http://tv-sulz.de/handball-manager/lmo/lmo.php?action=results&file=handball+landesliga+2008-09.l98&lmouserlang=portugues&lmouserlang=magyar&st=15"}}},{"_index":"de_content_201410","_type":"resourceQ","_id":"http://rupp-ergotherapie.de/hp1/startseite.htm?itserv=c1a848c6x146b6959870xybfa","_score":1.0, "_source" : {"body":" Praxis für Ergotherapie Christian Rupp Brunnenweg 6 92353 Postbauer-Heng Telefon: 09188 305355 Web: www.rupp-ergotherapie.de E-Mail: info@rupp-ergotherapie.de Startseite Praxis Team Ergotherapie Kurse Zusatzangebote Aktuelles Kontakt Herzlich willkommen in der Praxis für Ergotherapie Tai Chi & Qi Gong Tai Chi, das sind fließende, harmonische, ruheausstrahlende Bewegungen. Mit Achtsamkeit ausgeführt bringen sie Körper, Geist und Seele in Einklang. Tai Chi hilft Gesundheit und Balance sowie die eigene Mitte zu finden. Beim Qi Gong wird der Körper mit sanften Bewegungen gelockert, es bringt den Geist zur Ruhe, man ist entspannt und trotzdem voller Energie. weiterlesen » Therapeutisches Klettern Beim therapeutischen Klettern im Rahmen der Ergotherapie werden alle Sinne gefördert und die Muskulatur trainiert. Das therapeutische Klettern fördert enorm die Körperwahrnehmung, Kraft und Koordination. Zudem hat das Klettern einen sehr hohen Aufforderungscharakter und macht richtig Spaß. Geeignet ist das Klettern für den Bereich der Kinderbehandlungen, aber auch für den funktionellen Bereich der Orthopädie, Neurologie und bei Demenzpatienten. weiterlesen » CranioSacrale Therapie Die CranioSacrale Therapie ist eine von dem amerikanischen Arzt und Osteopathen Dr. John Upledger entwickelte Therapieform, die systemorientiert statt symptomorientiert ist. Dies bedeutet, dass der Therapeut den Patienten ganzheitlich behandelt und nicht isoliert ein Krankheitssymptom. Ziel der Behandlung ist der Spannungsausgleich im CranioSacralen System, wodurch eine Verbesserung des körperlichen und geistigen Wohlbefindens eintritt. weiterlesen » Newsletter Aktuelles Termine Links Anfahrt Kontakt Impressum Seite drucken Seitenanfang Praxis für Ergotherapie • Christian Rupp • Brunnenweg 6 • 92353 • Postbauer-Heng • Telefon: 09188 305355 • www.rupp-ergotherapie.de • info@rupp-ergotherapie.de ","title":"Startseite der Ergotherapie Rupp mit Vorstellung des Teams | Praxis für Ergotherapie Christian Rupp","desc":"Praxis für Ergotherapie, Christian Rupp im Centrum von Postbauer-Heng. Telefon: 09188 305355, email: info@rupp-ergotherapie.de","details":{"length":1891,"language":"de","date":"2014/10/31 16:18:37","type":"text/html","country":""},"crawling":{"duration":"1","date":"2014/10/31 16:18:37"},"metas":[{"name":"Robots","value":"index,follow"},{"name":"keywords","value":"Startseite der Ergotherapie Rupp mit Vorstellung des Teams | Praxis für Ergotherapie Christian Rupp"},{"name":"description","value":"Praxis für Ergotherapie, Christian Rupp im Centrum von Postbauer-Heng. Telefon: 09188 305355, email: info@rupp-ergotherapie.de"},{"name":"generator","value":"auctores CMS"},{"name":"author","value":"auctores"}],"uri":{"protocol":"http","domain":"de.rupp-ergotherapie.","url":"http://rupp-ergotherapie.de/hp1/startseite.htm?itserv=c1a848c6x146b6959870xybfa"}}},{"_index":"de_content_201410","_type":"resourceQ","_id":"http://soccercorner.de/index.php?act=calendar&s=9f2d00a6804e82210b91e3ff0a2a17dd","_score":1.0, "_source" : {"body":" Soccercorner   Tippspiel        Hilfe        Suche        Mitglieder        Kalender Willkommen Gast ( Einloggen | Registrieren ) Bestätigungs E Mail erneut senden   Soccercorner ->  Kalender -> Juli 2014 Juli 2014 < Juni 2014 · Terminkalender · Aug. 2014 > Mo. Di. Mi. Do. Fr. Sa. So. 1 2 3 4 5 6 7 8 9 10 11 12 13 14 15 16 17 18 19 20 21 22 23 24 25 26 27 28 29 30 31 Powered by Invision Power Board(U) v1.3 Final © 2003   IPS, Inc. ","title":"SoccerCorner - Football's coming home -  Das Fußballforum","desc":null,"details":{"length":436,"language":"de","date":"2014/10/31 16:18:38","type":"text/html","country":""},"crawling":{"duration":"1","date":"2014/10/31 16:18:38"},"metas":[],"uri":{"protocol":"http","domain":"de.soccercorner.","url":"http://soccercorner.de/index.php?act=calendar&s=9f2d00a6804e82210b91e3ff0a2a17dd"}}},{"_index":"de_content_201410","_type":"resourceQ","_id":"http://stellenmarkt.de/stellenangebote/bautechniker+wangen+im+allg%e4u","_score":1.0, "_source" : {"body":" Benutzer-Login Registrieren Unternehmen Stellenmarkt.de TOP-Arbeitgeber Für Bewerber Für Unternehmen Jetzt finden Detailsuche Detailsuche Jetzt finden Detailsuche Detailsuche Top Bewerber Vertrieb / Marketing / Werbung / Verlag European Program Manager Immobilienbuchhalterin Bachelor of Engineering in Production and Management Geschäftsführer (Marktfolge), Bereichsleiter Kredit-/Risiko-Management München Berlin Stuttgart Hamburg Frankfurt am Main Düsseldorf Nürnberg Baden-Württemberg Köln Bayern mehr Hannover Bremen Karlsruhe Fulda Mannheim weitere Städte Für Bewerber Für Bewerber Stellenangebote Topjobs Personalberater Weiterbildung Bewerbertipps Seminare Krankenkassen Jobs per Mail Karrieretipps Berufe Städte Branchen Existenzgründung / Franchise Für Unternehmen Für Unternehmen Stellengesuche Produkte Bestellformular Stellenangebote  bautechniker wangen im allgäu      Derzeit sind keine Stellenangebote vorhanden, in denen alle eingegebenen Suchbegriffe bautechniker wangen im allgäu vorkommen. Unser Angebot wird ständig aktualisiert. Vielleicht ist schon morgen die passende Anzeige dabei. Mit unserem kostenlosen Service \"Jobs per Mail\" informieren wir Sie automatisch per E-Mail über neue passende Stellenanzeigen. Eine Jobmail für bautechniker wangen im allgäu anlegen Läßt sich Ihre Abfrage noch erweitern oder optimieren? Suche verfeinern - mehr Jobs finden Zur Detailsuche wechseln und nach Fachbereich, Branche und PLZ selektieren. Mit unserem kostenlosen Service \"Jobupdate\" informieren wir Sie automatisch per E-Mail über neue passende Stellenanzeigen. Registrieren Sie sich einfach und kostenlos, indem Sie auf folgenden Button klicken. neuer Bewerberaccount Für Bewerber Jobs finden Topjobs Personalberater Weiterbildung Seminare Krankenkassen Karrieretipps Für Unternehmer Stellengesuche Produkte Anzeigengenerator Mediadaten Registrierung Bewerber Unternehmer Hilfe Übersicht Für Bewerber Für Unternehmen Stellenmarkt.de Impressum AGB RSS Heimarbeit Fachportale Finanzen Medizin Marketing Ingenieur IT Arbeit24.de Joboter.de ","title":"Stellenangebote bautechniker wangen im allgäu Jobs lokal, regional, deutschland- und europaweit - Aktuelle Jobs bei Stellenmarkt.de","desc":"Stellenangebote bautechniker wangen im allgäu Jobs lokal, regional, deutschland- und europaweit - Stellenmarkt.de Ihr Internet Stellenmarkt, über 33.000 Stellenangebote, 20.000 Bewerber. Einer der führenden Online Stellenvermittler auf dem deutschen Markt.","details":{"length":2056,"language":"de","date":"2014/10/31 16:18:39","type":"text/html","country":""},"crawling":{"duration":"1","date":"2014/10/31 16:18:39"},"metas":[{"name":"author","value":"AdPartner Stellenmarkt AG"},{"name":"language","value":"de"},{"name":"keywords","value":"Stellenmarkt, stellenmarkt.de, stellenanzeigen, jobbörse, jobs, job, stellen, stellenangebote, stellengesuche, Arbeit, Arbeitsmarkt, stellenanzeiger, stellenbörse, jobsuche, jobfinder, karriere, jobmarkt, stellensuchende, jobsuchende, stellenanbieter, jobanbieter, bewerbung, lebenslauf, stellenvermittlung, jobvermittlung, jobgesuche, jobangebote, arbeitsplatz"},{"name":"description","value":"Stellenangebote bautechniker wangen im allgäu Jobs lokal, regional, deutschland- und europaweit - Stellenmarkt.de Ihr Internet Stellenmarkt, über 33.000 Stellenangebote, 20.000 Bewerber. Einer der führenden Online Stellenvermittler auf dem deutschen Markt."},{"name":"revisit-after","value":"3 days"},{"name":"date","value":"2014-07-09"},{"name":"created","value":"2014-07-09"},{"name":"expires","value":"3600"},{"name":"mailto","value":"luippold@stellenmarkt.de"},{"name":"copyright","value":"AdPartner Stellenmarkt AG"},{"name":"publisher","value":"AdPartner Stellenmarkt AG"},{"name":"robots","value":"index, follow, all"},{"name":"pragma","value":"no-cache"},{"name":"siteinfo","value":"http://www.stellenmarkt.de/robots.txt"},{"name":"xing:author","value":"https://www.xing.com/profile/HansPeter_Luippold"},{"name":"viewport","value":"width=device-width, initial-scale=1.0"}],"uri":{"protocol":"http","domain":"de.stellenmarkt.","url":"http://stellenmarkt.de/stellenangebote/bautechniker+wangen+im+allg%e4u"}}},{"_index":"de_content_201410","_type":"resourceQ","_id":"http://teba-architektenportal.de/lamellen/?f=17%7c74%7c47&p=1","_score":1.0, "_source" : {"body":" Systeme Lamellen Ausschreibungstexte Downloads Glossar   Mein Konto Merkzettel   Bestellkorb Bestellkorb Positionen anzeigen     Teba Architekten-Portal / Lamellen Tipp: Filtern nach Eigenschaften Um noch gezielter Ihr Ergebnis zu finden, benutzen Sie einfach den Filter! Diesen Tipp schließen Produktfilter Beschwerungsform + Platte eingeschweißt (4) Platte mit Kette (4) Brennbarkeit + B1 schwer entflammbar (4) Einsatzgebiet + Kindergärten/Schulen (4) Krankenhaus/Arztpraxen (4) öffentliche Gebäude (4) PC-Arbeitsplatz (4) Himmelsrichtung + Nord (20%) (4) Osten (6%) (4) Süden (5%) (4) Westen (6%) (4) Alle anzeigen Lamellenbreite + 127 mm (4) 89 mm (4) Lichtechtheit + 6-7 (4) Material + Polyester (4) Materialdichte + Abdunkelnd / Lichtdurchlässig (4) Reflexionsbeschichtung + Perlex (4) Alle anzeigen Transmissionsgrad + 0 - 5 % (4) Alle anzeigen   Systeme Lamellen Ausschreibungstexte Downloads Glossar   Lamellenvorhang Geradlinig und deshalb zeitlos modern sind Lamellenvorhänge multifunktional einsetzbar. Den Variationen der räumlichen Gegebenheiten sind keine Grenzen gesetzt. Ob in großzügigen Hallen oder kleinen Nischen, bei hohen oder niedrigen Decken, an geraden oder auch schrägen Fensterfronten – der Lamellenvorhang ist funktioneller als auch dekorativer Lichtlenker! Durch die stufenlose Verstellbarkeit ist jeglicher Bedarf abdeckbar. Nutzen Sie die natürliche Kraft der Sonne, denn die entstehenden Lichteffekte geben Räumen eine abwechslungsreiche Anmutung. Artikel pro Seite: 12 24 36 48   8682 / A Jetzt bestellen Vergleichen Zum Produkt 8626 / B Jetzt bestellen Vergleichen Zum Produkt 8371 / B Jetzt bestellen Vergleichen Zum Produkt 8370 / B Jetzt bestellen Vergleichen Zum Produkt Artikel pro Seite: 12 24 36 48     Zuletzt angesehen Weitere Produktinformationen Auf www.teba.de finden Sie weitere Informationen zu unseren Produkten. Service Kontakt AGB Impressum Informationen Datenschutz ","title":"Stoffmuster von Lamellenvorhängen als Sonneschutz und Sichtschutz von Teba","desc":null,"details":{"length":1921,"language":"de","date":"2014/10/31 16:18:40","type":"application/xhtml+xml","country":""},"crawling":{"duration":"1","date":"2014/10/31 16:18:40"},"metas":[{"name":"msapplication-navbutton-color","value":"#dd4800"},{"name":"application-name","value":"Teba Architekten-Portal"},{"name":"msapplication-starturl","value":"http://www.teba-architektenportal.de/"},{"name":"msapplication-window","value":"width=1024;height=768"}],"uri":{"protocol":"http","domain":"de.teba-architektenportal.","url":"http://teba-architektenportal.de/lamellen/?f=17%7c74%7c47&p=1"}}},{"_index":"de_content_201410","_type":"resourceQ","_id":"http://lovertoys-shop.de/vibrator-opus-rose-close2you-pr-166.html?language=de","_score":1.0, "_source" : {"body":" Home  ¦   Mein Konto  ¦   Mein Warenkorb   ¦   Mein Wunschzettel   Mein Konto E-Mail Adresse: Passwort: Registrierung   Passwort vergessen? Home Love Toys Love Toys Int. Love Toys Close2you Love Toy Pakete Glasdildos - Glassvibrations Sextreme Bondage - Fesselsets » Neuheiten   » Specials   » Highlights   » Verkaufsrenner   Schnellsuche      Detailsuche Häufige Suchworte Corsage Dildo Minikleid strap Vibrator Bookmarks Shopping   Love Toys  (459)   Love Toys Int.  (364)   Love Toys Close2you (31)   Love Toy Pakete (22)   Glasdildos - Glassvibrations (58)   Sextreme  (59)   Bondage - Fesselsets (43)   Intimschmuck (30)   Kondome  (73)   Mode/Fashion  (587)   High Heels (14)   Fetish Fashion  (131)   Lack und Leder  (78)   Kostüme - Extras (40)   Perücken (16)   Erotik Drogerie  (246)   Purer Luxus  (112)   TENGA - Masturbatoren - Lovetoys (54)   Erotic Food (8)   Erotische Geschichten  (20)   Sexfilme DVD & BlueRay (35)   Sexy Fun - Party Gags (29)   Akkus & Batterien (16)   Gutscheine - Coupons (4)   Kataloge - Magazine   Christmas (30) Schnellsuche   Neue Produkte Zolo - Original Cup Masturbator 19,99 EUR Service Mein Konto Neuheiten Direkte Bestelleingabe Preisliste Alle Hersteller Alle Produkte Mein Warenkorb Mein Wunschzettel Versandkosten FAQ / Hilfe Rückruf-Service Kontakt Unsere AGB Impressum Feedback Formular Links Sitemap Datenschutz Privatsphäre Widerrufsrecht Muster-Widerrufsformular Zahlung und Versand Batterieentsorgung Nutzungsbedingungen Forum Materialkunde Werbepartner Grössentabellen Schuhgrössen Info - Dildos Info - Erotische Dessous Info - Gleitgel Info - Lack und Leder Info - Penisring Info - Vibratoren Unser mobiler Shop Unser Blog Unsere Partner Partnerprogramm Partner Infos Partner FAQ Partner Anmeldung Startseite » Love Toys Close2you » Vibrator Opus Rose » Bewertungen Vibrator Opus Rose Es liegen noch keine Bewertungen vor. Mein Warenkorb Artikel: 0 Ab 350,00 EUR liefern wir außerhalb von Deutschland versandkostenfrei! Angebote Fantasy Swing Gerüst 445,00 EUR 400,50 EUR (inkl. 19% MwSt. zzgl. Versand) Incitari Set Green - Black 15,95 EUR 12,76 EUR (inkl. 19% MwSt. zzgl. Versand) Wir akzeptieren Zahlung / Payment Sicherer Shop mit SSL Verkaufscharts 01.   Nurux plus Shake 3er-Pack 750ml 02.   Original Nuru Massage Gel - Platinum 1000ml 03.   Nurux plus Puder Kapsel Premium Massagegel 250 ml Sprachen MODERN EMOTION Testsiegel     Erotik Webkatalog & Sex Anzeigen     ©Powered by XonSoft® ©2011 Lovertoys-Shop - Alle Rechte vorbehalten [ Kontakt | Unsere AGB | Impressum ]   Website Ranking ","title":"KISSMT PRODUCT REVIEWS TEXT - kaufen von Lovertoys-Shop","desc":"KISSMT PRODUCT REVIEWS TEXT.","details":{"length":2556,"language":"de","date":"2014/10/31 16:18:37","type":"text/html","country":""},"crawling":{"duration":"1","date":"2014/10/31 16:18:37"},"metas":[{"name":"description","value":"KISSMT PRODUCT REVIEWS TEXT."},{"name":"keywords","value":"KISSMT,PRODUCT,REVIEWS,TEXT"},{"name":"author","value":"lovertoys-shop.de (Ero24-Online-Versand)"},{"name":"publisher","value":"lovertoys-shop.de(Ero24-Online-Versand)"},{"name":"company","value":"Ero24-Online-Versand"},{"name":"page-topic","value":"Erotikshop,Sexshop,diskreter Erotik Versand"},{"name":"reply-to","value":"Ero24-Online-Versand@web.de"},{"name":"distribution","value":"global"},{"name":"revisit-after","value":"1"},{"name":"copyright","value":"XonSoft®.de - Professionelle Shoplösungen"},{"name":"generator","value":"XonSoft®.de - Powershop deLuxe 2011"}],"uri":{"protocol":"http","domain":"de.lovertoys-shop.","url":"http://lovertoys-shop.de/vibrator-opus-rose-close2you-pr-166.html?language=de"}}},{"_index":"de_content_201410","_type":"resourceQ","_id":"http://maspernpower-paderborn.de/mpforum/viewforum.php?f=3&sid=cff03004152a2858c25b75e3fca57e76","_score":1.0, "_source" : {"body":" Deprecated: Function set_magic_quotes_runtime() is deprecated in /www/htdocs/v118344/mpforum/common.php on line 106 [phpBB Debug] PHP Notice: in file /includes/session.php on line 885: Cannot modify header information - headers already sent by (output started at /common.php:106) [phpBB Debug] PHP Notice: in file /includes/session.php on line 885: Cannot modify header information - headers already sent by (output started at /common.php:106) [phpBB Debug] PHP Notice: in file /includes/session.php on line 885: Cannot modify header information - headers already sent by (output started at /common.php:106) [phpBB Debug] PHP Notice: in file /includes/functions.php on line 3391: Cannot modify header information - headers already sent by (output started at /common.php:106) [phpBB Debug] PHP Notice: in file /includes/functions.php on line 3393: Cannot modify header information - headers already sent by (output started at /common.php:106) [phpBB Debug] PHP Notice: in file /includes/functions.php on line 3394: Cannot modify header information - headers already sent by (output started at /common.php:106) [phpBB Debug] PHP Notice: in file /includes/functions.php on line 3395: Cannot modify header information - headers already sent by (output started at /common.php:106) Zum Inhalt Foren-Übersicht ‹ Maspernpower Suche +A - FAQ Registrieren Anmelden Maspernpower Forum Themen Beiträge Letzter Beitrag Der Fanclub Alle Infos, Mitgliedschaft und sonstige Fragen und Statements zum Fanclub MASPERNPOWER PADERBORN 96. 40 Themen 291 Beiträge Letzter Beitrag von Ahorn-Panther am Mo 21. Feb 2011, 19:24 Unsere Mannschaft Kritik, Lob und Tadel 57 Themen 1357 Beiträge Letzter Beitrag von JustusJonas am Mi 31. Aug 2011, 15:46 Spieltag Schreibt über die kommenden Spieltage und verfasst eure Berichte zu den letzten Games. 114 Themen 1612 Beiträge Letzter Beitrag von Shorty am So 2. Okt 2011, 14:21 Ultra-Mania Schwarze Schafe plaudern aus dem Nähkästchen!!! 11 Themen 28 Beiträge Letzter Beitrag von JustusJonas am Do 30. Dez 2010, 20:44 Auswärtsfahrten Was geht wann, wo, wieso, weshalb, warum...und vor allem: Wer fährt? 38 Themen 193 Beiträge Letzter Beitrag von Frank Lehmann am Di 5. Apr 2011, 20:21 Mitfahrbörse Wer hat noch Platz zu Auswärtsfahrten im Auto frei, wer sucht noch Plätze, wann und wo trifft man sich zum Autokorso treffen? 14 Themen 42 Beiträge Letzter Beitrag von Mareike am Fr 25. Mär 2011, 17:45 Gehe zu: Wähle ein Forum aus ------------------ Maspernpower    Der Fanclub    Unsere Mannschaft    Spieltag    Ultra-Mania    Auswärtsfahrten    Mitfahrbörse Sonstiges    Du merkst, dass du Fan vom falschen Verein bist, wenn...    Party    Stilblüten    Homepage    Sonstiges Wer ist online? Mitglieder in diesem Forum: 0 Mitglieder und 1 Gast Foren-Übersicht Das Team • Alle Cookies des Boards löschen • Alle Zeiten sind UTC + 2 Stunden [ Sommerzeit ] Powered by phpBB © 2000, 2007 phpBB Group. ColorVin by Styles Team phpBBrasil. Deutsche Übersetzung durch phpBB.de ","title":"Maspernpower Paderborn '96 e.V. • Forum anzeigen - Maspernpower","desc":null,"details":{"length":2989,"language":"de","date":"2014/10/31 16:18:37","type":"application/xhtml+xml","country":""},"crawling":{"duration":"1","date":"2014/10/31 16:18:37"},"metas":[{"name":"resource-type","value":"document"},{"name":"distribution","value":"global"},{"name":"copyright","value":"2002-2006 phpBB Group"},{"name":"keywords","value":""},{"name":"description","value":""}],"uri":{"protocol":"http","domain":"de.maspernpower-paderborn.","url":"http://maspernpower-paderborn.de/mpforum/viewforum.php?f=3&sid=cff03004152a2858c25b75e3fca57e76"}}},{"_index":"de_content_201410","_type":"resourceQ","_id":"http://schneefernerhaus.de/nc/wetterdaten/deutscher-wetterdienst.html?datum=24.06.2014&kanalid=9201&pageid=1102&skala=1","_score":1.0, "_source" : {"body":" Live-Webcam 5.7 °C 0.5m/s (1,8 km/h) 181 Grad 5 UV Index Startseite Station Forschung Wetterdaten Kontakt Aktuelles Sie befinden sich hier: Wetterdaten » Deutscher Wetterdien... deutsch  english Aktuelle Messdaten Umweltforschungsstation Schneefernerhaus (2650m) Hauptmenü Startseite Station Forschung Wetterdaten Deutscher Wetterdienst Monatsrückblicke Klimatologie Global Atmosphere Watch Kontakt Aktuelles Links Sitemap Intranet Quelle: Deutscher Wetterdienst (unevaluated data) Letzte Aktualisierung: 03.07.2014 08:55 MEZ (Aktualisierung alle 5min.) Messwert Minimum Maximum Aktuell Einheit Lufttemperatur -0,7 5,7 5,7 °C Relative Feuchte 9 100 30 % Windrichtung 1 355 181 Grad Windgeschwindigkeit 0,5 7 0,5 m/s Luftdruck 744,2 745,5 745,5 hPa Niederschlag 0,2 mm Sonnenscheindauer 3,1 h UV-Index 0 5,2 5,2 UV Globalstrahlung 0 697 640 W/m² Zeitraum: Skala: variabel | fix Webcam Webcams der UFS UV-Index Der UV-Index ist ein Maß für die Intensität der sonnenbrand- wirksamen ultravioletten (UV-) Strahlung. Je höher der Wert, desto eher wird Ihre Haut beim ungeschützten Aufenthalt in der Sonne geschädigt. Im Gebirge ist der UV-Index deutlich höher als im Tal. Geeignete Schutzmaßnahmen sind bereits ab einem UV-Index von 2 empfehlenswert und ab einem Wert von 5 erforderlich. Weitere Informationen unter: www.uv-index.de Quelle: © DWD MEZ Die Zeitangabe ist in Mitteleuropäischer Zeit (Winterzeit) MEZ. Mitteleuropäische Sommerzeit: MESZ = MEZ + 1 Std Archiv Auf Grund einer Umstellung des Datenerfassungssystem des Deutsche Wetterdienstes stehen die Wetterdaten für den Zeitraum vom 27.07. - 04.08.2011 leider im Archiv nicht zur Verfügung. Webcam Schneefernerhaus Blick nach ESE 03.07.2014 10:07:08 Impressum | Sitemap Interner Bereich Copyright © 2014 Betriebsgesellschaft Umweltforschungsstation Schneefernerhaus GmbH Gesellschafter: Freistaat Bayern, Marktgemeinde Garmisch-Partenkirchen, Landkreis Garmisch- Partenkirchen, Gemeinde Grainau ","title":"Deutscher Wetterdienst - Schneefernerhaus","desc":"Deutschlands höchst gelegene Forschungsstation auf der Zugspitze bildet eine weltweit einzigartige Plattform für die kontinuierliche Beobachtung physikalischer und chemischer Eigenschaften der Atmosphäre sowie die Analyse wetter- und klimawirksamer Prozesse – Grundlagen für die Beschreibung von Zustand und künftiger Entwicklung des weltweiten Klimas.","details":{"length":1954,"language":"de","date":"2014/10/31 16:18:37","type":"application/xhtml+xml","country":""},"crawling":{"duration":"1","date":"2014/10/31 16:18:37"},"metas":[{"name":"generator","value":"TYPO3 4.7 CMS"},{"name":"keywords","value":"Schneefernerhaus,"},{"name":"description","value":"Deutschlands höchst gelegene Forschungsstation auf der Zugspitze bildet eine weltweit einzigartige Plattform für die kontinuierliche Beobachtung physikalischer und chemischer Eigenschaften der Atmosphäre sowie die Analyse wetter- und klimawirksamer Prozesse – Grundlagen für die Beschreibung von Zustand und künftiger Entwicklung des weltweiten Klimas."}],"uri":{"protocol":"http","domain":"de.schneefernerhaus.","url":"http://schneefernerhaus.de/nc/wetterdaten/deutscher-wetterdienst.html?datum=24.06.2014&kanalid=9201&pageid=1102&skala=1"}}},{"_index":"de_content_201410","_type":"resourceQ","_id":"http://wbb-wiki.de/forum/index.php/memberslist/?letter=k&s=fcecce97ed933fa8786e8a968aff7573b84bc571&sortfield=wbbposts&sortorder=desc","_score":1.0, "_source" : {"body":" Anmelden oder registrieren Benutzername oder E-Mail-Adresse Sind Sie bereits registriert? Nein, ich möchte mich jetzt registrieren. Ja, mein Kennwort lautet: Kennwort Dauerhaft angemeldet bleiben Kennwort vergessen Nur Betreff durchsuchen Ergebnisse als Themen anzeigen Erweiterte Suche Startseite Dashboard Forum Mitglieder Letzte Aktivitäten Benutzer online Team-Mitglieder Mitgliedersuche Kontakt Links Letzte Aktivitäten Benutzer online Team-Mitglieder Mitgliedersuche Zum Seitenende Schnellnavigation Burning Board Wiki » Mitglieder 0 Es wurden keine Mitglieder gefunden. Burning Board Wiki » Mitgliedersuche Anfangsbuchstabe # A B C D E F G H I J K L M N O P Q R S T U V W X Y Z Alle Sortierung Benutzername Registrierungsdatum Punkte Erhaltene Likes Beiträge Links aufsteigend absteigend Neueste Mitglieder Maximilian 17. April 2014, 21:13 Testaccount 11. April 2014, 00:34 Dark Knight 9. April 2014, 19:49 M@cGyver 9. April 2014, 19:43 Aktivste Mitglieder M@cGyver 439 Punkte Dark Knight 346 Punkte Maximilian 11 Punkte Impressum Nutzungsbedingungen Zum Seitenanfang 3. Juli 2014, 10:07 Forensoftware: Burning Board®, entwickelt von WoltLab® GmbH ","title":"Mitglieder - Burning Board Wiki","desc":"Das Wiki für das WoltLab Burning Board und Fireball CMS","details":{"length":1156,"language":"de","date":"2014/10/31 16:18:37","type":"text/html","country":""},"crawling":{"duration":"1","date":"2014/10/31 16:18:37"},"metas":[{"name":"viewport","value":"width=device-width, initial-scale=1"},{"name":"format-detection","value":"telephone=no"},{"name":"description","value":"Das Wiki für das WoltLab Burning Board und Fireball CMS"},{"name":"keywords","value":"wiki,burning,board,woltlab,cms,filebase,gallery,marketplace,marktplatz,galerie,blog,forum,plugin,hilfe,anleitung,tutorial,galerie,wbblight,wbb,3.1,4.0,2.1,acp,admin control panle,installation,update,server,umzug,cms,"},{"name":"og:site_name","value":"Burning Board Wiki"}],"uri":{"protocol":"http","domain":"de.wbb-wiki.","url":"http://wbb-wiki.de/forum/index.php/memberslist/?letter=k&s=fcecce97ed933fa8786e8a968aff7573b84bc571&sortfield=wbbposts&sortorder=desc"}}},{"_index":"de_content_201410","_type":"resourceQ","_id":"http://villa-sternenstaub.de/marken/sylvanian-families/sylvanian-families-familienausflug-blockhuette.html","_score":1.0, "_source" : {"body":" Startseite Newsletter Anmelden Registrieren Kontakt Kostenloser Versand ab 20 € in Deutschland Lieferung in 1-2 Werktagen Suchbegriff eingeben Dieser Shop ist Trusted-Shops®-zertifiziert! 09561-238344-0 Baby Activity Toys Anhänger Bälle Bücher Erstlingspuppen Fingerpuppen & Handpuppen Geschenksets Greiflinge & Rasseln Hampelmänner Kinderwagenketten Krabbel- und Spieldecken Lätzchen Laufstallzubehör Plüschtiere Schiebespielzeug Schmusedecken Schmusetücher Schnullerketten Schuhe Soft Toys Spielspiralen Spieluhren Spuck- und Wickeltücher Wärmekissen Zahnungshilfe Spielzeug Basteln & Malen Bausätze Bücher Fahrzeuge Garten und Sandkasten Holzspielzeug Kasperletheater Kaufladen Kostüme Kreativität Küche & Haushalt Kugelbahnen Lauflernwagen Miniatur & Puppenhaus Motorik & Koordination Musikinstrumente Nachziehspielzeug Nagelspiele Plüschtiere Puzzle Rutscher Schaukeltiere Schreibtafeln & Lernspielzeug Spieldosen Spiele Spielwelten Steckspielzeug Wasserspielzeug Puppen Babypuppen Badepuppen Ergänzungssets Erstlingspuppen Frisier- und Schminkköpfe Multigelenkstehpuppen Puppenkleidung & Schuhe Puppenmöbel Puppenwagen Puppenzubehör Sammlerpuppen Sandmann Stehpuppen Stoffpuppen Weichkörperpuppen Kinderzimmer Aufbewahrung Bettwäsche Buchstaben & Zahlen Buchstützen Decken Dekoration Garderoben Kissen Lampen Messlatten Möbel Mobiles Nestchen Schlafsäcke Schreibtisch & Schule Sitzsäcke & Co. Spardosen Spiegel Uhren und Wecker Zimmerzelte Lifestyle Badekleidung Badezimmer Bento Boxen Eiszubereitung Fotorahmen & Alben Geburtstag & Feiern Geschirr & Besteck Gummistiefel Handtücher und Waschlappen Kinderschmuck Kinderschürzen Kochen, Backen, Zubereiten Sammlerartikel Schals & Tücher Schlüsselanhänger Schwangerschaft Tischsets UV-Schutz-Kleidung Taschen Brustbeutel Dokumenten-Mappen Geldbörsen Kindertaschen Koffer und Trolleys Kofferschilder Kulturbeutel Mäppchen Nackenstützen Regenschirme Rucksäcke Schulbedarf Sicherheitskragen Thermotaschen Turnbeutel Utensilientaschen fürs Auto Wickeltaschen Marken bellybutton Brulino Corolle Crocodile Creek DUSHI Ekobo ESPRIT Franck & Fischer Funky Garden Glodos Götz Puppenmanufaktur HABA i play ISYbe Janod Käthe Kruse Kid O Kid O Kidz´n Cats Knorr Lässig Les Deglinglos lief! Lilliputiens Monbento mudpuppy Nattou Olli Olbot Petit Jour Paris Quandt Scratch Europe Selecta SentoSphére Sevi sigikid Sommerburg & Winterschloss Spielstabil Steiff Stephen Joseph STYLE ME UP! Sylvanian Families Trudi Trudimia Wheely Bug Xyloba Zapf Creation Moluk Tipps vorheriger Artikel Artikel 143 von 155 nächster Artikel Zurück zur Übersicht + Sylvanian Families - Blockhütte ArtNr.: 2881 59,99 € * in den Warenkorb Sofort lieferbar. Beschreibung Einen richtigen Abenteuerurlaub erleben die Sylvanian Families in der Blockhütte am Glitzer-See. Spielfigurgen und Möbel sind nicht enthalten. WARNHINWEISE: ACHTUNG! Nicht geeignet für Kinder unter 3 Jahren, wegen Erstickungsgefahr durch verschluckbare Kleinteile. Marken bellybutton Brulino Corolle Crocodile Creek DUSHI Ekobo ESPRIT Franck & Fischer Funky Garden Glodos Götz Puppenmanufaktur HABA i play ISYbe Janod Käthe Kruse Kid O Kid O Kidz´n Cats Knorr Lässig Les Deglinglos lief! Lilliputiens Monbento mudpuppy Nattou Olli Olbot Petit Jour Paris Quandt Scratch Europe Selecta SentoSphére Sevi sigikid Sommerburg & Winterschloss Spielstabil Steiff Stephen Joseph STYLE ME UP! Sylvanian Families Babys + Zwillinge Fahrzeuge Familien Figuren + Möbel Sets Geschenk - Sets Häuser Möbel Sets Raum-Sets Spiel-Sets Themen Sets - Einkaufen Themen Sets - Kindergarten Themen Sets - Lebensmittel Themen Sets - Schule Themen Sets - Urlaub Trudi Trudimia Wheely Bug Xyloba Zapf Creation Moluk * Alle Preise inkl. MwSt., zzgl. Versandkosten. Lassen Sie sich beim online kaufen von Villa-Sternenstaub inspirieren! Ob Puppen, Spielpuppen, Puppenkleidung, Puppenzubehör oder Puppenwagen, Baby-Artikel, Spielzeug, Accessoires, wie Spieluhren, Rasseln, Greiflinge, Mobile, Krabbeldecken, Wickeltaschen, Kindergeschirr, Kindergartentaschen, Mum's Organizer, Schnullertaschen, Rutschfahrzeuge, Tretroller und vieles mehr. Villa-Sternenstaub - Ihr Online Shop. Sicher Einkaufen Wir bieten 6 sichere Zahlungsarten an: Kauf auf Rechnung Vorkasse Nachnahme   Versandinformationen Versandkostenpauschale 3,90 €. Ab 20 € versandkostenfreie Lieferung innerhalb Deutschlands. Lieferung nach Österreich pauschal 9,90 €. Unser Servicepartner DHL bringt Ihre Bestellung direkt zu Ihnen. Persönliche Beratung Gerne stehen wir Ihnen telefonisch für eine persönliche Beratung zur Verfügung Unsere Service-Zeiten lauten: Montags-Donnerstags 10.00 Uhr bis 16.00 Uhr Freitags 10.00 Uhr bis 14.30 Uhr. Villa-Sternenstaub Hahnweg 152e 96450 Coburg Deutschland Tel.: +49 9561-238344-0 Fax: +49 9561-238344-14 E-Mail: info@villa-sternenstaub.de Wir sind mit dem Trusted Shops Gütesiegel zertifiziert, als Online-Shop mit Käuferschutz. Home Kontakt Impressum AGB Datenschutz Warenkorb Anmelden Konto eröffnen Versand und Kosten Ihre Vorteile * inkl. MwSt., zzgl. Versandkosten ","title":"Villa-Sternenstaub  | Sylvanian Families - Blockhütte | Puppen und Spielzeug Shop online kaufen ","desc":"Sylvanian Families - Blockhütte - Einen richtigen Abenteuerurlaub erleben die Sylvanian Families in der Blockhütte am Glitzer-See. Spielfigurgen und Möbel sind nicht enthalten. WARNHINWEISE: ACHTUNG!","details":{"length":5030,"language":"de","date":"2014/10/31 16:18:39","type":"text/html","country":""},"crawling":{"duration":"1","date":"2014/10/31 16:18:39"},"metas":[{"name":"description","value":"Sylvanian Families - Blockhütte - Einen richtigen Abenteuerurlaub erleben die Sylvanian Families in der Blockhütte am Glitzer-See. Spielfigurgen und Möbel sind nicht enthalten. WARNHINWEISE: ACHTUNG!"},{"name":"keywords","value":"sylvanian, families, -, blockhütte, marken, kleinspielzeug, puppenhauszubehör, miniatur"},{"name":"og:site_name","value":"http://www.villa-sternenstaub.de/"},{"name":"fb:app_id","value":"304113703022322"},{"name":"og:title","value":"Villa-Sternenstaub  | Sylvanian Families - Blockhütte | Puppen und Spielzeug Shop online kaufen "},{"name":"og:type","value":"product"},{"name":"og:image","value":"http://www.villa-sternenstaub.de/out/pictures/generated/product/1/380_340_100/e2980a3d27ab56c8fa3e2c2cf4d43145.2881_log_cabin_4.jpg"},{"name":"og:url","value":"http://www.villa-sternenstaub.de/Marken/Sylvanian-Families/Sylvanian-Families-Familienausflug-Blockhuette.html"}],"uri":{"protocol":"http","domain":"de.villa-sternenstaub.","url":"http://villa-sternenstaub.de/marken/sylvanian-families/sylvanian-families-familienausflug-blockhuette.html"}}},{"_index":"de_content_201410","_type":"resourceQ","_id":"http://frettchen-zuchtforum.de/memberlist.php?mode=viewprofile&sid=d7e3403a410ff2c446490d0ed522e2d3&u=87","_score":1.0, "_source" : {"body":" Zum Inhalt Erweiterte Suche Navigation: • Forum • FAQ • Suche • Registrieren • Anmelden Anzeige: Foren-Übersicht Ändere Schriftgröße Du musst registriert und angemeldet sein, um Profile anzuschauen. Benutzername: Passwort: Ich habe mein Passwort vergessen Die Aktivierungs-E-Mail erneut senden Mich bei jedem Besuch automatisch anmelden Meinen Online-Status während dieser Sitzung verbergen   Registrieren Du musst in diesem Forum registriert sein, um dich anmelden zu können. Eine Anmeldung ist in wenigen Augenblicken erledigt und ermöglicht dir, auf weitere Funktionen zuzugreifen. Die Board-Administration kann registrierten Benutzern auch zusätzliche Berechtigungen zuweisen. Beachte bitte unsere Nutzungsbedingungen und die verwandten Regelungen, bevor du dich registrierst. Bitte beachte auch die jeweiligen Forenregeln, wenn du dich in diesem Board bewegst. Nutzungsbedingungen | Datenschutzrichtlinie Registrieren Nach oben • Foren-Übersicht Das Team • Alle Cookies des Boards löschen • Alle Zeiten sind UTC ","title":"Frettchen Zuchtforum - DIE Plattform für Frettchenzüchter • Anmelden","desc":null,"details":{"length":1018,"language":"de","date":"2014/10/31 16:18:40","type":"application/xhtml+xml","country":""},"crawling":{"duration":"1","date":"2014/10/31 16:18:40"},"metas":[{"name":"resource-type","value":"document"},{"name":"distribution","value":"global"},{"name":"copyright","value":"2002-2006 phpBB Group"},{"name":"keywords","value":""},{"name":"description","value":""}],"uri":{"protocol":"http","domain":"de.frettchen-zuchtforum.","url":"http://frettchen-zuchtforum.de/memberlist.php?mode=viewprofile&sid=d7e3403a410ff2c446490d0ed522e2d3&u=87"}}},{"_index":"de_content_201410","_type":"resourceQ","_id":"http://mydolls.de/puppen-94987/page/2/?free-shipping=1&sorting=price_asc","_score":1.0, "_source" : {"body":" Suchen in diesem Shop Suchen in diesem Shop Suchen auf Rakuten.de Suchbegriffe Kategorien Anmelden oder Registrieren Merkliste 0 Shopping Cart 0 Ihr Puppen und Spielwarenversand Startseite Newsletter Reduziert Kontakt Home Mehr Autos Bob Der Baumeister Autos Siku Traktoren und Anhänger Baukästen Baufix Bügelperlen eitech LEGO LEGO DUPLO LEGO Steine Fahrradzubehör Handschuhe Klingeln Lenkerhupen und Trinkflaschen Taschen Wimpel Kleinkinderspielzeug Bob Der Baumeister Fisher Price Hello Kitty Littlest Pet Shop Tierchen Sets Pokemon Plüschtiere Hello Kitty Littlest Pet Shop Monchhichi Sendung mit der Maus SpongeBob Puppen & Zubehör Ankleide- & Modepuppen Barbie Disney Monster High Steffi Love Babypuppen Annabell Baby Born Chou-Chou Minipuppen Polly Pocket Puppenzubehör Taschen Brieftaschen Fahrradtaschen Handtaschen Plüschtaschen Rucksäcke Schultertaschen Spielzeug für draußen Hüpfball Schulbedarf Spielzeug nach Alter Spielzeug ab 1 Jahr Spielzeug ab 2 Jahren Spielzeug ab 3 Jahren Spielzeug ab 4 Jahren Spielzeug ab 5 Jahren Spielzeug ab 6 Jahren Kategorien Autos Bob Der Baumeister Autos Siku Baukästen Baufix Bügelperlen eitech LEGO Fahrradzubehör Handschuhe Klingeln Lenkerhupen und Trinkflaschen Taschen Wimpel Kleinkinderspielzeug Bob Der Baumeister Fisher Price Hello Kitty Littlest Pet Shop Pokemon Plüschtiere Hello Kitty Littlest Pet Shop Monchhichi Sendung mit der Maus SpongeBob Puppen & Zubehör Ankleide- & Modepuppen Barbie Puppenzubehör Puppen Sammlungen & Sets Disney Monster High Steffi Love Babypuppen Minipuppen Puppenzubehör Taschen Brieftaschen Fahrradtaschen Handtaschen Plüschtaschen Rucksäcke Schultertaschen Spielzeug für draußen Hüpfball Schulbedarf Spielzeug nach Alter Spielzeug ab 1 Jahr Spielzeug ab 2 Jahren Spielzeug ab 3 Jahren Spielzeug ab 4 Jahren Spielzeug ab 5 Jahren Spielzeug ab 6 Jahren Follow Us! Liken Sie uns auf Facebook Folgen Sie uns auf Twitter Unser Newsletter Profitieren Sie von aktuellen Angeboten, Aktionen und Gutscheinen! Unser Newsletter X Leider konnten wir Sie nicht erfolgreich registieren. Bitte versuchen Sie es später noch einmal. Oops! Nicht alle Eingaben waren korrekt. Versuchen Sie es noch einmal! Vielen Dank! Sie haben sich erfolgreich für unseren Newsletter registriert. Frau Herr Oops! Sie haben keinen Vornamen eingegeben. Versuchen Sie es noch einmal! Oops! Sie haben keinen Nachnamen eingegeben. Versuchen Sie es noch einmal! Oops! Sie haben eine ungültige E-Mail Adresse eingegeben. Versuchen Sie es noch einmal! Anmelden Startseite Puppen & Zubehör Puppen & Zubehör Ankleide- & Modepuppen Babypuppen Minipuppen Puppenzubehör Ankleide- & Modepuppen Ankleide- & Modepuppen Barbie Disney Monster High Steffi Love Barbie Barbie Puppenzubehör Puppen Sammlungen & Sets Puppen Sortierung: Preis: niedrigster zuerst Versandkostenfrei Puppen ↓ Preis Standard Bewertungen Preis: niedrigster zuerst Preis: höchster zuerst Name: A-Z Name: Z-A Preisbereich 10 € – 20 € 20 € – 50 € Filter (1) Versandkostenfrei (35) Reduziert (1) Sofort-Lieferbar (35) Mattel BARBIE Ich wäre gern... Rennfahrerin 23,49 € Kostenlose Lieferung Sofort lieferbar Mattel BARBIE Ich wäre gern... Kinderärztin 23,49 € Kostenlose Lieferung Sofort lieferbar Mattel BARBIE Ich wäre gern... Filmstar 23,99 € Kostenlose Lieferung Sofort lieferbar Mattel BARBIE Ich wäre gern... Köchin 23,99 € Kostenlose Lieferung Sofort lieferbar Mattel BARBIE Ich wäre gern... Turniertänzerin 23,99 € Kostenlose Lieferung Sofort lieferbar Mattel BARBIE Ich wäre gern...TV-Journalistin 23,99 € Kostenlose Lieferung Sofort lieferbar Mattel BARBIE Prinzessin mit Mädchen-Halskette 24,49 € Kostenlose Lieferung Sofort lieferbar Mehrere Varianten Mattel BARBIE Meerjungfrau mit Farbwechsel 24,49 € Kostenlose Lieferung Sofort lieferbar Mehrere Varianten Mattel BARBIE Ich wäre gern...Tierärztin 24,99 € Kostenlose Lieferung Sofort lieferbar Mattel BARBIE Fashionistas Shopping 24,99 € Kostenlose Lieferung Sofort lieferbar Mehrere Varianten Mattel BARBIE Bräutigam Ken 25,49 € Kostenlose Lieferung Sofort lieferbar Mattel BARBIE Action Barbie Toy Story 25,49 € Kostenlose Lieferung Sofort lieferbar zurück 1 2 3 nächste Barbie Puppen von Mattel Willkommen Herzlich willkommen in unserem Shop! Wenn Sie Fragen haben, rufen Sie uns einfach an oder schreiben Sie uns. Wir freuen uns auf Ihren Anruf und beraten Sie gerne! Links Startseite Newsletter Reduziert Kontakt Bezahlung Über uns Zahlungsmöglichkeiten Unser Blog Newsletter abonnieren Kontakt Service und Beratung +49 (0)3720080545 Mo-Fr 11.00 Uhr - 20.00 Uhr Sa 11.00 Uhr - 14.00 Uhr Informiert bleiben Unser Newsletter Profitieren Sie von aktuellen Angeboten, Aktionen und Gutscheinen! Unser Newsletter X Leider konnten wir Sie nicht erfolgreich registieren. Bitte versuchen Sie es später noch einmal. Oops! Nicht alle Eingaben waren korrekt. Versuchen Sie es noch einmal! Vielen Dank! Sie haben sich erfolgreich für unseren Newsletter registriert. Frau Herr Oops! Sie haben keinen Vornamen eingegeben. Versuchen Sie es noch einmal! Oops! Sie haben keinen Nachnamen eingegeben. Versuchen Sie es noch einmal! Oops! Sie haben eine ungültige E-Mail Adresse eingegeben. Versuchen Sie es noch einmal! Anmelden Warum können Sie bei uns sicher einkaufen? Impressum AGB Datenschutz Kontakt Kundeninformation Batterieverordnung Trusted Shops Händlerbewertung für MyDolls.de - Ihr Spielwarenversand: 5.00 von 5 Sternen aus insgesamt 1 Bewertungen. ","title":"Barbie Puppen Ankleide- & Modepuppen Puppen & Zubehör online kaufen | MyDolls.de - Ihr Spielwarenversand","desc":"Barbie Puppen von Mattel","details":{"length":5417,"language":"de","date":"2014/10/31 16:18:40","type":"text/html","country":""},"crawling":{"duration":"1","date":"2014/10/31 16:18:40"},"metas":[{"name":"description","value":"Barbie Puppen von Mattel"},{"name":"keywords","value":"Barbie, Puppe, Puppen, Summer, Teresa, Shelly, Stacie, Skipper, Nikki, Ken"},{"name":"robots","value":"noindex, follow"},{"name":"google-site-verification","value":"SYx7SY35-Pw2HA--CWhZibvTWbNxUW363H8v-f5EaHc"},{"name":"viewport","value":"width=1000"}],"uri":{"protocol":"http","domain":"de.mydolls.","url":"http://mydolls.de/puppen-94987/page/2/?free-shipping=1&sorting=price_asc"}}},{"_index":"de_content_201410","_type":"resourceQ","_id":"http://board.germandayz.de/videos-musik/hier-fehlt-leben/?prev_next=next;phpsessid=6850fdb64694e7b0048f441fe5ea38ec","_score":1.0, "_source" : {"body":" Freitag, 04.Jul 2014 - 08:56 Uhr   Start Übersicht Serverliste Downloads Videos Team Mitglieder Mitgliederliste anschauen Mitglieder suchen Einloggen Registrieren Forum-Name: Passwort: GermanDayZ.de - Das 1. und größte deutsche DayZ Forum - DayZ Standalone Deutschland Germany | DayZ Forum DayZ Mod Standalone Arma2 German Community » Community » Off Topic und Talk » Videos / Musik » Fabian Siegismund erklärt den Schmutz von Frontal21 « vorheriges nächstes » Drucken Thema kommentieren? Registriere dich! Seiten: [ 1]    Nach unten Autor: Urs Thema: Fabian Siegismund erklärt den Schmutz von Frontal21  (Gelesen 680 mal) Urs Administrator Legende Beiträge: 2353 Bohnen: + 420 / - 15 Mehr ... Aktivität: 100% [GermanDayZ] Urs Fabian Siegismund erklärt den Schmutz von Frontal21 « am: Dienstag, 18.Dez 2012 - 02:21 Uhr » Fabian Siegismund erklärt was für einen Schmutz das ZDF produziert und wofür unsere Gebühren ausgegeben werden. Must Look! Ab Minute 8 -21 Dir ist es nicht erlaubt diesen Link zu sehen. Registrieren oder  Anmelden Gespeichert Dir ist es nicht erlaubt diesen Link zu sehen. Registrieren oder  Anmelden Drucken Thema kommentieren? Registriere dich! Seiten: [ 1]    Nach oben « vorheriges nächstes » GermanDayZ.de - Das 1. und größte deutsche DayZ Forum - DayZ Standalone Deutschland Germany | DayZ Forum DayZ Mod Standalone Arma2 German Community » Community » Off Topic und Talk » Videos / Musik » Fabian Siegismund erklärt den Schmutz von Frontal21   © GermanDayZ.de | Impressum SMF 2.0.7 | SMF © 2011, Simple Machines SMFAds for Free Forums | Powered by SMFPacks Likes Pro Mod DarkBreak by DzinerStudio             ","title":"Fabian Siegismund erklärt den Schmutz von Frontal21 - Videos / Musik - GermanDayZ.de - Das 1. und größte deutsche DayZ Forum - DayZ Standalone Deutschland Germany | DayZ Forum DayZ Mod Standalone Arma2 German Community","desc":"Fabian Siegismund erklärt den Schmutz von Frontal21 - Videos / Musik - GermanDayZ.de - Das 1. und größte deutsche DayZ Forum - DayZ Standalone Deutschland Germany | DayZ Forum DayZ Mod Standalone Arma2 German Community","details":{"length":1638,"language":"de","date":"2014/10/31 16:18:38","type":"application/xhtml+xml","country":""},"crawling":{"duration":"1","date":"2014/10/31 16:18:38"},"metas":[{"name":"description","value":"Fabian Siegismund erklärt den Schmutz von Frontal21 - Videos / Musik - GermanDayZ.de - Das 1. und größte deutsche DayZ Forum - DayZ Standalone Deutschland Germany | DayZ Forum DayZ Mod Standalone Arma2 German Community"},{"name":"keywords","value":"DayZ, Forum, German, Standalone, GermanDayZ. Größte Deutsche DayZ Community im Web."},{"name":"robots","value":"noindex"}],"uri":{"protocol":"http","domain":"de.germandayz.board.","url":"http://board.germandayz.de/videos-musik/hier-fehlt-leben/?prev_next=next;phpsessid=6850fdb64694e7b0048f441fe5ea38ec"}}},{"_index":"de_content_201410","_type":"resourceQ","_id":"http://meinmittagstisch.de/netshaking/4b198e026e92f4dc30d13da114eb4eba/passwordfailure/","_score":1.0, "_source" : {"body":"         Startseite Leistungen Meinungen Partner News Presse Kontakt Mittagstisch finden nach PLZ: nach Ort: nach Art des Angebotes:   Alle Arten afrikanisch amerikanisch asiatisch Balkan Catering Fisch griechisch gut bürgerlich chinesisch französisch gourmet indisch international italienisch mediterran mexikanisch portugiesisch regionale Küche sandwiches saisonale Gerichte spanisch Suppen thailändisch türkisch vegetarisch sonstiges öffentliche Kantinen Raststätten Außenbewirtung Lieferservice nach Besonderheiten:   Bitte wählen Aktionen behindertengerecht Cocktailkarte Frühstück/Brunch kinderfreundlich Liveübertragungen Nichtraucherzone Login für Gastronomie eMailadresse Passwort Passwort vergessen Kommentare & Anregungen Name   E-Mail   Kommentar   Passwort vergessenPasswort vergessen? Kein Problem. Teilen Sie uns hier Ihre E-Mail-Adresse mit, dann senden wir Ihnen Ihr Passwort unverzüglich zu. E-Mail-Adresse ","title":"meinmittagstisch.de - Hier isst Deutschland zu mittag.","desc":null,"details":{"length":925,"language":"de","date":"2014/10/31 16:18:39","type":"text/html","country":""},"crawling":{"duration":"1","date":"2014/10/31 16:18:39"},"metas":[{"name":"author","value":"netshaking application framework"}],"uri":{"protocol":"http","domain":"de.meinmittagstisch.","url":"http://meinmittagstisch.de/netshaking/4b198e026e92f4dc30d13da114eb4eba/passwordfailure/"}}},{"_index":"de_content_201410","_type":"resourceQ","_id":"http://kurierderzarin.de/kdz.php?action=30500000000144002004440052","_score":1.0, "_source" : {"body":"     Über uns   Newsletter   Impressum   Kontakt   AGB     Hilfe   Umschrift   kombinierte Suche   Warenkorb     Russisch Polnisch Tschechisch Lettisch Ukrainisch Bulgarisch Litauisch Estnisch Kroatisch Ungarisch Rumänisch Chinesisch Andere Sprachen ANGEBOTE / SALE Audio-CD Belletristik Biographien DVD Enzyklopädie Geschichte/Politik/Zeitgesch. Kinder Klassiker Kochbücher Krimi/Thriller Kunst Landeskunde/Kultur Lehrbuch Liederbücher Lyrik MP3 Moderne NOVITÄTEN Ratgeb/Freizeit/Gesundht/Reisen Relig./Philosoph./Psycholog. S/F Fantasy Sach-/Fachbuch Software Sonstige Sachbücher Sprach-/Literaturwissen. Tonträger Übersetzung VHS Wtb einsprachig Wtb mehrsprachig Wtb mit Deutsch Wtb mit Englisch Wtb mit Französisch Wtb mit Italienisch Wtb mit Spanisch Wörterbuch zweisprachige Titel Die Kategorie ANGEBOTE / SALE enthält insgesamt 229 Artikel. Artikel 41 bis 50 von 229     Sortiert nach Autor Titel Originaltitel Preis      Druckansicht zurück | 5 | 6 | 7 | 8 | 9 | 10 | 11 | 12 | 13 | 14 | weiter BULGAKOVA O.: Fabrika zhestov (RUSSIAN) (Gestenfabrik) NLO 2005 304 S. Best.-Nr. RL4502 5-86793-350-4 10,00 € inkl. USt. CALDWELL Ian/THOMASON Dustin: Pravilo chetyrech (RUSSIAN) 2007 398 S. Best.-Nr. CALDWELL01 978-5-17-028947-9 5,00 € inkl. USt. CAREME Maurice: Stichotvorenija/Poesies (FRENCH/RUSSIAN) (Gedichte, französisch-russisch) Tekst 2011 317 S. Best.-Nr. CAREME01 978-5-7516-0937-5 9,00 € inkl. USt. CENTO Daniela: SH’em iz kozhi (RUSSIAN) (Kreatives aus Leder) Kontent 2006 96 S. Best.-Nr. CRAFT15 5-98150-083-2 8,00 € inkl. USt. CHIMIK V.V.: Prakticheskij sintaksis russkogo jazyka (RUSSIAN) (Praktische Syntax der russischen Sprache) Zlatoust 2009 92 S. Best.-Nr. RR0410 5-86547-205-4 9,00 € inkl. USt. CHMEL’NICKIJ D.: Zodchij Stalin (RUSSIAN) (Baumeister Stalin) NLO 2006 Best.-Nr. RL0253 5-86793-496-9 10,00 € inkl. USt. CHROLENKO A. (ed.): Jazyk fol’klora (RUSSIAN) (Die Sprache der Folklore) Flinta/Nauka 2006 224 S. Best.-Nr. RR0573 5-89349-706-6 5,00 € inkl. USt. CLINTON Bill: Moja zhizn’ (RUSSIAN) (Mein Leben) ABB 2005 1088 S. Best.-Nr. BILL 5-9614-0187-1 10,00 € inkl. USt. DAHL ROALD: Suka (RUSSIAN) (Switch Bitch) Amfora 2000 239 S. Best.-Nr. DAHL03 5-8301-0170-X 5,00 € inkl. USt. DAHL Roald: Charli i bol’‰oj stekljannyj funikuler (RUSSIAN) (Charlie und der große gläserne Fahrstuhl) Rosmen 2005 174 S. Best.-Nr. RD0632 5-353-01811-7 5,00 € inkl. USt. zurück | 5 | 6 | 7 | 8 | 9 | 10 | 11 | 12 | 13 | 14 | weiter ","title":"Kurier der Zarin - Bücher der Kategorie","desc":null,"details":{"length":2445,"language":"de","date":"2014/10/31 16:18:39","type":"text/html","country":""},"crawling":{"duration":"1","date":"2014/10/31 16:18:39"},"metas":[],"uri":{"protocol":"http","domain":"de.kurierderzarin.","url":"http://kurierderzarin.de/kdz.php?action=30500000000144002004440052"}}},{"_index":"de_content_201410","_type":"resourceQ","_id":"http://manis-sammlerkiste.de/flohmarkt/main_bigware_34.php?bigpfad=22_34_48_49&bigwarecsid=40307a0d7852c4ea763e42a8eab4d35e&items_id=388","_score":1.0, "_source" : {"body":"   Startseite Mani's Flohmarktstand Autoteile Felgen Stahlfelgen 91ABCEGEGF287       Ihr Konto  |  Warenkorb  |  Kasse Zum Warenkorb Ihr Warenkorb: 0 Produkte Home Neue Produkte AGB Versandkosten Impressum Kontakt  Kategorien    Kleinanzeigen  (2)   Mani's Flohmarktstand  (307)      Autoteile  (2)        Felgen  (1)          Stahlfelgen (1)        Reifen (1)      Bücher (4)      CD's (31)      Elektronik (8)      Gameboy-Spiele (6)      Hörspielkassetten (31)      Hygiene (1)      Nintendo64-Spiele (5)      PS2-Spiele (1)      Schuhe  (1)      Ski-Ausrüstung (1)      Spiele (13)      Vorwerk (1)   Birnbeck's Flohmarktstand  (3)   Jürgen's Flohmarktstand (1)  Sonstiges  ZUM ERSTEN MAL HIER? IMPRESSUM  Produkte  4-Loch Stahlfelgen 93 / 5Jx13x41 ( Ford ) zzgl. Versand  Informationen  Liefer- und Versandkosten Privatsphäre und Datenschutz Unsere AGB Kontakt   Produkt Info 4-Loch Stahlfelgen 93 / 5Jx13x41 ( Ford ) [91ABCEGEGF287] zzgl. Versand 4-Loch Stahlfelgen von Ford 5JX13X41 waren auf Ford - Escort - Turnier Die Felgen waren 2 Stück schwarz und 2 Stück silber, wurden alle Sandgestrahlt und neu in silber lackiert, sowie mit Klarlack nachlackiert. Die Felgen sind in Top-Zustand. VHB pro Felge 39,50 € Dieses Produkt haben wir am Dienstag, 18. März 2014 in unseren Katalog aufgenommen. Anzahl: 1 2 3 4  Login  E-Mail Adresse: Passwort: (neues Passwort) Neuer Kunde? => Registrieren!  Schnellsuche    Verwenden Sie Stichworte, um ein Produkt zu finden. erweiterte Suche  Währungen  US Dollar Euro  User Online  Zur Zeit ist  1 Gast  online.   Informationen Haben Sie noch Fragen? Supported by Zahlungsarten Schreiben Sie uns eine E-Mail: Allgemeine Geschäftsbedingungen kontakt@MeineDomain.de Nutzen Sie das Kontaktformular: zum Kontaktformular Rufen Sie uns an: 040 / 123 456 789 Liefer- und Versandkosten Impressum Preise inkl. gesetzl. MwSt., zzgl. der jeweiligen Versandkosten. Alle Markennamen, Warenzeichen und eingetragenen Warenzeichen sind Eigentum Ihrer rechtmässigen Eigentümer und dienen hier nur der Beschreibung Dieses Shopsystem wurde entwickelt von Bigware ","title":"Manis-Flohmarkt : 4-Loch Stahlfelgen 93 / 5Jx13x41 ( Ford ) ","desc":"4-Loch Stahlfelgen 93 / 5Jx13x41 ( Ford ) : 4-Loch Stahlfelgen von Ford 5JX13X41 waren auf Ford - Escort - Turnier  Die Felgen waren 2 Stück schwarz und 2 Stück silber, wurden alle Sandg","details":{"length":2088,"language":"de","date":"2014/10/31 16:18:39","type":"text/html","country":""},"crawling":{"duration":"1","date":"2014/10/31 16:18:39"},"metas":[{"name":"description","value":"4-Loch Stahlfelgen 93 / 5Jx13x41 ( Ford ) : 4-Loch Stahlfelgen von Ford 5JX13X41 waren auf Ford - Escort - Turnier  Die Felgen waren 2 Stück schwarz und 2 Stück silber, wurden alle Sandg"},{"name":"keywords","value":"4-Loch, Stahlfelgen, 93, , 5Jx13x41, Ford, von, Ford5JX13X41waren, auf, -, Escort, TurnierDie, Felgen, waren, 2, Stück, schwarz, und, silber, wurden, alle, Sandgestrahlt, neu, in, lackiert, sowie, mit, Klarlack, nachlackiertDie, sind, Top-ZustandVHB, pro, Felge, 3950, euro"}],"uri":{"protocol":"http","domain":"de.manis-sammlerkiste.","url":"http://manis-sammlerkiste.de/flohmarkt/main_bigware_34.php?bigpfad=22_34_48_49&bigwarecsid=40307a0d7852c4ea763e42a8eab4d35e&items_id=388"}}},{"_index":"de_content_201410","_type":"resourceQ","_id":"http://intosol.de/reiseziele/griechenland;beschreibung.html;saniresort","_score":1.0, "_source" : {"body":" REISEANFRAGE Detailierte Informationen Fotogallerie COMING SOON: Landkarten Navigation Vollbild beenden >> Zeige weitere Optionen Bild als Postkarte versenden Kontakt COMING SOON: Wir rufen Sie zurück Auf Facebook teilen Auf Twitter teilen Auf Google teilen GALERIE GRUSSKARTE FULLSCREEN INFOTEXT Griechenland ◁ Afrika Südafrika Namibia Botswana Mosambik Zambia Viktoriafälle Tansania Kenia Kongo Rwanda Malawi Indischer Ozean Mauritius Seychellen Malediven Arabien Emirate Sultanat Oman Südostasien Vietnam Thailand Indonesien Kambodscha Hong Kong Singapur Europa Griechenland Insel Zypern Italien Australien Australien Neuseeland Neuseeland Südsee Cook Inseln Fiji Inseln Tahiti & Inseln Südamerika Argentinien Chile Brasilien Ecuador Peru Luxushotels Spitzenhotels Elounda Peninsula Elounda Gulf Villas Danai Beach Resort Blue Palace St. Nicolas Bay Resort Porto Zante Villas Out of The Blue Capsis Amphitryon Hotel Luxushotels Vedema Resort King George II Grand Resort Lagonissi Elounda Mare Elounda Beach Hotel Elounda Bay Palace Eagles Palace Lindian Village Mykonos Grand Hotel Skiathos Princess The Romanos Santa Marina Mykonos Santa Marina Arachova Sani Resort Porto Elounda Nafplia Palace Komfort Hotels Sani Resort So wohnen Sie Aktivitäten Reiseanfrage Coming soon WIR RUFEN SIE ZURÜCK EMAIL NEWS LETTER VIRTOSOL WELTKARTEN NAVIGATION REISE ANFRAGE INTOSOL LUXURY TRAVEL AND THE PURE BEAUTY OF NATURE UNSER SERVICE TRAUMREISEN INDIVIDUELL GEPLANT TRAVEL STORIES DAS DIGITALE REISEMAGAZIN VON INTOSOL x Sani Resort - Harmonie, Komfort und Unterhaltung An der Westküste der Halbinsel Kassandra, inmitten eines riesigen Naturschutzgebietes mit Wäldern und Wiesen, befinden sich auf einem 400 Hektar großen Areal vier Feriendomizile unterschiedlicher Preisklassen. Die Sani Marina bildet mit Yachthafen, diversen Geschäften, Tavernen, Bars und Cafés den Mittelpunkt des Sani Resorts. Neben den vier Sterne Hotels Sani Beach Hotel & Sani Beach Club bietet das Resort für den anspruchsvollen Gast das Boutique Hotel Sani Asterias Suites, welches durch seinen Charme und das stilvolle Ambiente überzeugt. Auch das „The Spa Hotel“ Porto Sani Village & Spa mit seinen eleganten Suiten und einer traumhaften Poollandschaft überzeugt durch sein hohes Niveau. Die All-Suite-Hotelanlage, die im Winter 07/08 komplett renoviert wurde, ist von gepflegten, blühenden Gärten umgeben und strahlt mit seinen 103 Suiten puren Luxus aus. Die Exklusivität des neuen Sani Spa und das reichhaltige Angebot an griechischen und internationalen Gourmetspeisen machen Lust auf mehr. Eine sehr ruhige Privatsphäre wird hier im Übrigen großgeschrieben. Die friedliche Umgebung mit den wunderbaren Pinienwäldern und Eukalyptusbäumen sowie die traumhaften Pools im Lagunenstil runden das Bild eines perfekten Urlaubsdomizils ab. Genau wie das Porto Sani Village & Spa verfügt ein weiteres Luxus-Hotel auf dem Areal über einen Privatstrand und exquisite Unterkünfte: das Hotel Sani Asterias Suites. Die 50 Junior, Standard und Deluxe-Suiten sind in kleinen Villen untergebracht, die in moderner griechischer Architektur aus wunderschönem Naturstein, Marmor und Holz gebaut wurden. Jede Suite hat eine eigene, naturbelassene Terrasse oder einen Garten mit direktem Blick auf die Sani Marina oder die Ägäis. Harmonie und Komfort in traumhafter Umgebung – einfach wunderbar. REISEANFRAGE English / German Kontakt / Impressum / Photo Credits / AGB Luxusreisen / Luxusurlaub / Luxushotels Hochzeitsreisen / Golfreisen / Luxusreisen Südafrika Luxusurlaub in Luxushotels Südafrika / Luxusurlaub Seychellen / Luxushotels auf Mauritius ","title":"Sani Resort - Sani Asterias Suites - Porto Sani Village & Spa","desc":"Für den anspruchsvollen Gast das Boutique Hotel Sani Asterias Suites mit seinem stilvollen Ambiente genau das Richtige. Auch das „The Spa Hotel“ Porto Sani Village & Spa mit seinen eleganten Suiten und einer traumhaften Poollandschaft überzeugt durch sein hohes Niveau.- Machen Sie Ihre Hochzeitsreise oder Ihren Golfurlaub zum Luxusurlaub","details":{"length":3607,"language":"de","date":"2014/10/31 16:18:39","type":"text/html","country":""},"crawling":{"duration":"1","date":"2014/10/31 16:18:39"},"metas":[{"name":"language","value":"DE"},{"name":"Author","value":"Sites-CMS"},{"name":"Description","value":"Für den anspruchsvollen Gast das Boutique Hotel Sani Asterias Suites mit seinem stilvollen Ambiente genau das Richtige. Auch das „The Spa Hotel“ Porto Sani Village & Spa mit seinen eleganten Suiten und einer traumhaften Poollandschaft überzeugt durch sein hohes Niveau.- Machen Sie Ihre Hochzeitsreise oder Ihren Golfurlaub zum Luxusurlaub"},{"name":"Keywords","value":"Sani Resort, Sani Asterias Suites, The Spa Hotel, Porto Sani Village & Spa, Griechenland, Kassandra, Sani Marina, Luxushotel, Luxusurlaub, Traumreise, Traumurlaub, Entspannung, Erholung, Wellness, SPA, Exklusivität, Oase, Paradies, Halbinsel, Mittelmeer, Urlaubsdomizil, Urlaub, griechische Kultur, Destination, Südliches Europa, Ägäis, Privatstrand, Sonne, Sand, Meer, Deluxe, Charm, Ambiente, Sea Breeze Bar, Artemis,Hochzeitsreise, Golfurlaub, Luxusurlaub"},{"name":"Robots","value":"follow"},{"name":"Generator","value":"sites-CMS"},{"name":"og:title","value":"Sani Resort - Harmonie, Komfort und Unterhaltung"},{"name":"og:type","value":"website"},{"name":"og:url","value":"http://www.intosol.de/reiseziele/Griechenland;SaniResort;beschreibung.html"},{"name":"og:image","value":"http://www.intosol.de/g/images.09102012_5/1100/Porto_Sani_Village_Byblos_01.jpg"},{"name":"og:description","value":"An der Westküste der Halbinsel Kassandra, inmitten eines riesigen Naturschutzgebietes mit Wäldern und Wiesen, befinden sich auf einem 400 Hektar großen Areal vier Feriendomizile unterschiedlicher Preisklassen."}],"uri":{"protocol":"http","domain":"de.intosol.","url":"http://intosol.de/reiseziele/griechenland;beschreibung.html;saniresort"}}},{"_index":"de_content_201410","_type":"resourceQ","_id":"http://insider.schieb.de/ucp.php?mode=register&sid=4ff7633ba4e448cb1613d245063afe9e","_score":1.0, "_source" : {"body":" insider.schieb.de | Forum Mitlesen. Mitreden. Mitdenken. Anmelden  FAQ     Suche Aktuelle Zeit: Montag 30. Juni 2014, 14:09 Unbeantwortete Themen | Aktive Themen Foren-Übersicht Alle Zeiten sind UTC + 1 Stunde Sprache: British English Deutsch Français insider.schieb.de | Forum - Registrierung Mit dem Zugriff auf „insider.schieb.de | Forum“ wird zwischen dir und dem Betreiber ein Vertrag mit folgenden Regelungen geschlossen: 1. Nutzungsvertrag Mit dem Zugriff auf „insider.schieb.de | Forum“ (im Folgenden „das Board“) schließt du einen Nutzungsvertrag mit dem Betreiber des Boards ab (im Folgenden „Betreiber“) und erklärst dich mit den nachfolgenden Regelungen einverstanden. Wenn du mit diesen Regelungen nicht einverstanden bist, so darfst du das Board nicht weiter nutzen. Für die Nutzung des Boards gelten jeweils die an dieser Stelle veröffentlichten Regelungen. Der Nutzungsvertrag wird auf unbestimmte Zeit geschlossen und kann von beiden Seiten ohne Einhaltung einer Frist jederzeit gekündigt werden. 2. Einräumung von Nutzungsrechten Mit dem Erstellen eines Beitrags erteilst du dem Betreiber ein einfaches, zeitlich und räumlich unbeschränktes und unentgeltliches Recht, deinen Beitrag im Rahmen des Boards zu nutzen. Das Nutzungsrecht nach Punkt 2, Unterpunkt a bleibt auch nach Kündigung des Nutzungsvertrages bestehen. 3. Pflichten des Nutzers Du erklärst mit der Erstellung eines Beitrags, dass er keine Inhalte enthält, die gegen geltendes Recht oder die guten Sitten verstoßen. Du erklärst insbesondere, dass du das Recht besitzt, die in deinen Beiträgen verwendeten Links und Bilder zu setzen bzw. zu verwenden. Der Betreiber des Boards übt das Hausrecht aus. Bei Verstößen gegen diese Nutzungsbedingungen oder anderer im Board veröffentlichten Regeln kann der Betreiber dich nach Abmahnung zeitweise oder dauerhaft von der Nutzung dieses Boards ausschließen und dir ein Hausverbot erteilen. Du nimmst zur Kenntnis, dass der Betreiber keine Verantwortung für die Inhalte von Beiträgen übernimmt, die er nicht selbst erstellt hat oder die er nicht zur Kenntnis genommen hat. Du gestattest dem Betreiber, dein Benutzerkonto, Beiträge und Funktionen jederzeit zu löschen oder zu sperren. Du gestattest dem Betreiber darüber hinaus, deine Beiträge abzuändern, sofern sie gegen o. g. Regeln verstoßen oder geeignet sind, dem Betreiber oder einem Dritten Schaden zuzufügen. 4. General Public License Du nimmst zur Kenntnis, dass es sich bei phpBB um eine unter der General Public License (GPL) bereitgestellten Foren-Software der phpBB Group (www.phpbb.com) handelt; deutschsprachige Informationen werden durch die deutschsprachige Community unter www.phpbb.de zur Verfügung gestellt. Beide haben keinen Einfluss auf die Art und Weise, wie die Software verwendet wird. Sie können insbesondere die Verwendung der Software für bestimmte Zwecke nicht untersagen oder auf Inhalte fremder Foren Einfluss nehmen. 5. Gewährleistung Der Betreiber haftet mit Ausnahme der Verletzung von Leben, Körper und Gesundheit und der Verletzung wesentlicher Vertragspflichten (Kardinalpflichten) nur für Schäden, die auf ein vorsätzliches oder grob fahrlässiges Verhalten zurückzuführen sind. Dies gilt auch für mittelbare Folgeschäden wie insbesondere entgangenen Gewinn. Die Haftung ist gegenüber Verbrauchern außer bei vorsätzlichem oder grob fahrlässigem Verhalten oder bei Schäden aus der Verletzung von Leben, Körper und Gesundheit und der Verletzung wesentlicher Vertragspflichten (Kardinalpflichten) auf die bei Vertragsschluss typischerweise vorhersehbaren Schäden und im übrigen der Höhe nach auf die vertragstypischen Durchschnittsschäden begrenzt. Dies gilt auch für mittelbare Folgeschäden wie insbesondere entgangenen Gewinn. Die Haftung ist gegenüber Unternehmern außer bei der Verletzung von Leben, Körper und Gesundheit oder vorsätzlichem oder grob fahrlässigem Verhalten des Betreibers auf die bei Vertragsschluss typischerweise vorhersehbaren Schäden und im Übrigen der Höhe nach auf die vertragstypischen Durchschnittsschäden begrenzt. Dies gilt auch für mittelbare Schäden, insbesondere entgangenen Gewinn. Die Haftungsbegrenzung der Absätze a bis c gilt sinngemäß auch zugunsten der Mitarbeiter und Erfüllungsgehilfen des Betreibers. Ansprüche für eine Haftung aus zwingendem nationalem Recht bleiben unberührt. 6. Änderungsvorbehalt Der Betreiber ist berechtigt, die Nutzungsbedingungen und die Datenschutzrichtlinie zu ändern. Die Änderung wird dem Nutzer per E-Mail mitgeteilt. Der Nutzer ist berechtigt, den Änderungen zu widersprechen. Im Falle des Widerspruchs erlischt das zwischen dem Betreiber und dem Nutzer bestehende Vertragsverhältnis mit sofortiger Wirkung. Die Änderungen gelten als anerkannt und verbindlich, wenn der Nutzer den Änderungen zugestimmt hat. Informationen über den Umgang mit deinen persönlichen Daten sind in der Datenschutzrichtlinie enthalten. Powered by phpBB® Forum Software © phpBB Group Deutsche Übersetzung durch phpBB.de ","title":"insider.schieb.de | Forum • Persönlicher Bereich • Registrieren","desc":null,"details":{"length":4980,"language":"de","date":"2014/10/31 16:18:38","type":"application/xhtml+xml","country":""},"crawling":{"duration":"1","date":"2014/10/31 16:18:38"},"metas":[{"name":"resource-type","value":"document"},{"name":"distribution","value":"global"},{"name":"keywords","value":""},{"name":"description","value":""}],"uri":{"protocol":"http","domain":"de.schieb.insider.","url":"http://insider.schieb.de/ucp.php?mode=register&sid=4ff7633ba4e448cb1613d245063afe9e"}}},{"_index":"de_content_201410","_type":"resourceQ","_id":"http://stramplerkaufen.de/adelheid,ywrlbghlawq=,b_0-10,p","_score":1.0, "_source" : {"body":" Strampler Shop Startseite Tipps zum Einkauf Start » 0-10 [x] » adelheid [x] adelheid Nur reduzierte Artikel Sortieren nach: Neueste zuerst Preis: aufsteigend Preis: absteigend Zu den ausgewählten Suchkriterien wurden keine Produkte gefunden * Alle Angaben ohne Gewähr. Preise können sich zwischenzeitlich geändert haben. Bei Sale-Produkten stellt der durchgestrichene Preis den alten Verkaufspreis dar, der blaue Preis ist der neu gültige Verkaufspreis. Es gelten die AGB des jeweiligen Shops 0 Ergebnisse 1 nach oben ⇑ Preis Filter entfernen X 0 - 10 EUR 10 - 15 EUR 15 - 25 EUR 25 - 50 EUR ab 50 EUR Marken Filter entfernen X adelheid Farben Unsere Baby-Shops Baby-Jacken Baby-Overalls Baby-Pflege Baby-Schuhe Baby-Spielzeug Baby-Strampler Baby-Wickelprodukte Kinderwagen ... unser gesamtes Angebot KONTAKT | IMPRESSUM | AGB Unsere Shops: Baby Shops Baby-Jacken Baby-Overalls Baby-Pflege Baby-Schuhe Baby-Spielzeug Baby-Strampler Baby-Wickelprodukte Kinderwagen Damen Shops Abendkleider Bikinis Dessous und Wäsche Blusen Anzüge Hosen Jacken Kleider Röcke Dirndl und Trachten Fahrrad Shops BMX-Räder Citybikes Crossräder Cruiser Elektroräder Kinderfahrräder Klappräder Mountainbikes Rennräder Trekkingräder Herren Shops Anzüge und Sakkos Hosen und Jeans Shirts und Polos Hemden Krawatten und Fliegen Einstecktücher Manschettenknöpfe Unterwäsche Pullover und Strickjacken Sweatshirts und Sweatjacken Westen Jacken Mäntel Socken und Kniestrüpfe Badehosen und Shorts Trachten und Lederhosen Hut Shops Damenhüte Herrenhüte Basecaps Sonnenhüte und Strohhüte Kosmetik Shops Düfte und Parfums Make-up: Augen Make-up: Gesicht Make-up: Lippen Make-up: Nägel Gesichtspflege Hautpflege Haarpflege Wellness und Massage Optiker Shops Brillen Kontaktlinsen und Pflege Sonnenbrillen und Sportbrillen Regen Shops Gummistiefel Regenmäntel Regenschirme Windjacken Schmuck Shops Charms und Anhänger Diamant-Schmuck Armbänder und Armreifen Broschen und Anstecker Halsketten und Colliers Ohrringe Ringe Schuh Shops Ballerinas Sneaker Pumps und High Heels Sandalen Sandaletten und Stilettos Stiefel und Overknees Boots und Snowboots Mokassins und Slipper Businessschuhe und Loafer Halbschuhe und Segelschuhe Pantoletten und Sabots Hausschuhe und Pantoffel Schuhpflege und Zubehör Taschen Shops Handtaschen Henkeltaschen Schultertaschen Reisetaschen Rucksäcke Reisekoffer und Trolleys Uhren Shops Damenuhren Herrenuhren Chronographen Funkuhren Taucheruhren Wanduhren Winter Shops Handschuhe Ohrenschützer Pudelmützen Schals und Tücher Winterjacken Unser gesamtes Angebot: www.blickwert.de - immer einen Blick wert! Unser Schnäppchen-Shop: www.sparoogle.de - so spart man heute! ","title":"adelheid - Strampler Shop","desc":"adelheid günstig online kaufen bei Strampler Shop. adelheid in großer Auswahl aus vielen Onlineshops","details":{"length":2657,"language":"de","date":"2014/10/31 16:18:38","type":"text/html","country":""},"crawling":{"duration":"1","date":"2014/10/31 16:18:38"},"metas":[{"name":"description","value":"adelheid günstig online kaufen bei Strampler Shop. adelheid in großer Auswahl aus vielen Onlineshops"},{"name":"keywords","value":"adelheid,adelheid,online kaufen,günstig online kaufen,kaufen,online shop,shop,günstigStrampler Shop"},{"name":"robots","value":"noindex,follow"},{"name":"og:title","value":"adelheid - Strampler Shop"},{"name":"og:type","value":"product"},{"name":"og:site_name","value":"Strampler Shop"},{"name":"og:image","value":""},{"name":"og:url","value":"http://www.stramplerkaufen.de/adelheid,YWRlbGhlaWQ=,b_0-10,p"},{"name":"og:description","value":"adelheid günstig online kaufen bei Strampler Shop. adelheid in großer Auswahl aus vielen Onlineshops"},{"name":"url","value":"http://www.stramplerkaufen.de/adelheid,YWRlbGhlaWQ=,b_0-10,p"}],"uri":{"protocol":"http","domain":"de.stramplerkaufen.","url":"http://stramplerkaufen.de/adelheid,ywrlbghlawq=,b_0-10,p"}}},{"_index":"de_content_201410","_type":"resourceQ","_id":"http://speicherverwaltung.de/schoensten/3890822576.html","_score":1.0, "_source" : {"body":" Die schönsten Märchen der Gebrüder Grimm   Lesen Sie mehr... Rezensionen ansehen...   Angebote zu Märchen,  Gebrüder,  Grimm ab 1 Euro! Siehe auch folgende Artikel: Es war einmal : Die schönsten … Grimms Märchen Grimms Märchen. Vollständige Ausgabe Die schönsten Märchen von H. C. Andersen Die schönsten Märchen aus 1001 Nacht Das große Märchenbilderbuch von Hans Christian … Mehr zu   Kinder- & Jugendbücher Home ...,     Angebote ansehen ...,     Begleitseite ... Herausgeber dieser Seite ist DomainLoc.com GmbH - Partner von Amazon.de Copyright © DomainLoc.com GmbH ( Impressum)","title":"Die schönsten Märchen der Gebrüder Grimm ","desc":"Die schönsten Märchen der Gebrüder Grimm  auf speicherverwaltung.de","details":{"length":582,"language":"de","date":"2014/10/31 16:18:38","type":"text/html","country":""},"crawling":{"duration":"1","date":"2014/10/31 16:18:38"},"metas":[{"name":"keywords","value":"schönsten,Märchen,Gebrüder,Grimm,Die schönsten Märchen der Gebrüder Grimm ,Buch,DVD,CD,speicherverwaltung"},{"name":"description","value":"Die schönsten Märchen der Gebrüder Grimm  auf speicherverwaltung.de"},{"name":"ABSTRACT","value":"Die schönsten Märchen der Gebrüder Grimm  auf speicherverwaltung.de"},{"name":"page-topic","value":"Die schönsten Märchen der Gebrüder Grimm "},{"name":"author","value":"DomainLoc.com GmbH"},{"name":"publisher","value":"DomainLoc.com GmbH"},{"name":"copyright","value":"DomainLoc.com GmbH"},{"name":"Content-Language","value":"en"},{"name":"robots","value":"INDEX,FOLLOW"},{"name":"revisit-after","value":"30 days"},{"name":"revisit","value":"After 30 days"},{"name":"audience","value":"all"},{"name":"expires","value":"0"},{"name":"page-type","value":"Kommerzielle Organisation"}],"uri":{"protocol":"http","domain":"de.speicherverwaltung.","url":"http://speicherverwaltung.de/schoensten/3890822576.html"}}},{"_index":"de_content_201410","_type":"resourceQ","_id":"http://mandanteninformation.de/recht/mdt/565086cm/inhalt/texte/201403/t20140313.phtml","_score":1.0, "_source" : {"body":" [ Inhalt] [ Vorheriger Text][ Nächster Text] Erkennungssysteme und Verschlüsselungen: Urheberschutz darf nicht vornehmlich der Wettbewerbsbehinderung dienen Nintendo vertreibt die tragbaren DS- und die stationären Wii-Konsolen. Mit ihnen sind auch nur Spiele von Nintendo kompatibel, oder? In die Spielekonsolen wird ein Erkennungssystem eingebaut, ebenso wie auf dem Träger des Videospiels ein verschlüsselter Code installiert wird. Dadurch soll die Verwendung illegaler Kopien von Videospielen verhindert werden. Eine andere Firma verkauft original Nintendo-Konsolen mit zusätzlicher Software, die aus Anwendungen unabhängiger Hersteller besteht. Die technischen Maßnahmen zum Schutz der Konsolen werden damit umgangen und deaktiviert. Dagegen klagt nun Nintendo. Das mit dem Rechtsstreit befasste Gericht in Mailand bat den Europäischen Gerichtshof (EuGH) um Klärung. Der EuGH entschied, dass nur solche technischen Maßnahmen geschützt sind, die vom Inhaber des Urheberrechts nicht genehmigte Handlungen verhindern oder unterbinden sollen. Dieser Rechtsschutz muss den Grundsatz der Verhältnismäßigkeit wahren und darf keine Vorrichtungen oder Handlungen untersagen, die einen anderen wirtschaftlichen Zweck oder Nutzen haben, als technische Schutzvorkehrungen zu rechtswidrigen Zwecken zu umgehen. Daher muss das Mailänder Gericht nun prüfen, ob andere wirksame Schutzmaßnahmen zu geringeren Beeinträchtigungen führen könnten. Hinweis: Kopierschutzmaßnahmen müssen dem Schutz von Urheberrechten dienen und dürfen nicht vorwiegend den Ausschluss von Wettbewerbern bezwecken. Es stellt sich also die Frage, ob der Schutzmechanismus vorwiegend dazu dient, die Benutzung raubkopierter Spiele zu vermeiden, oder dazu, andere Anbieter von Spielen oder Software von der Nintendo-Plattform auszuschließen. Die Entscheidung dieser Frage bleibt spannend. Quelle: EuGH, Urt. v. 23.01.2014 - C-355/12 zum Thema: Sonstiges (aus: Ausgabe 03/2014) [ Vorheriger Text][ Nächster Text] [ Inhalt]   [ Startseite] [ Archiv]   ","title":"Erkennungssysteme und Verschlüsselungen: Urheberschutz darf nicht vornehmlich der Wettbewerbsbehinderung dienen","desc":null,"details":{"length":2011,"language":"de","date":"2014/10/31 16:18:39","type":"text/html","country":""},"crawling":{"duration":"1","date":"2014/10/31 16:18:39"},"metas":[{"name":"title","value":"Erkennungssysteme und Verschlüsselungen: Urheberschutz darf nicht vornehmlich der Wettbewerbsbehinderung dienen"},{"name":"edition","value":"03"},{"name":"year","value":"2014"},{"name":"tax","value":"Sonstiges"},{"name":"person","value":"-"}],"uri":{"protocol":"http","domain":"de.mandanteninformation.","url":"http://mandanteninformation.de/recht/mdt/565086cm/inhalt/texte/201403/t20140313.phtml"}}},{"_index":"de_content_201410","_type":"resourceQ","_id":"http://hamsterhilfenord.de/ucp.php?mode=privacy&sid=350ebcc631587944c23c2b13067dcbe1","_score":1.0, "_source" : {"body":" Direktkontakt: Kerstin - 0178-3558408 osnabrueck@hamsterhilfe-nord.de Täglich erreichbar: 9:00 Uhr bis 21:00 Uhr Bitte eine Nachricht auf dem AB hinterlassen. Wir rufen gerne zurück! Anmelden    Registrieren Mitgliederkarte   FAQ     Suche Aktuelle Zeit: 05.07.2014, 16:12 Unbeantwortete Themen | Aktive Themen Portal » Foren-Übersicht Alle Zeiten sind UTC + 1 Stunde [ Sommerzeit ] Hamsterhilfe Nord - Datenschutzrichtlinie Diese Richtlinie beschreibt, wie „Hamsterhilfe Nord“ und ggf. verbundene Institutionen (im Folgenden „das Board“) und phpBB die Daten verwenden, die während deines Foren-Besuchs gesammelt werden. Umfang und Art der Datenspeicherung Deine Daten werden auf zwei verschiedene Arten gesammelt: phpBB erstellt bei deinem Besuch des Boards mehrere Cookies. Cookies sind kleine Textdateien, die dein Browser als temporäre Dateien ablegt. Zwei dieser Cookies enthalten eine eindeutige Benutzer-Nummer (Benutzer-ID) sowie eine anonyme Sitzungs-Nummer (Session-ID), die dir von phpBB automatisch zugewiesen wird. Ein drittes Cookie wird erstellt, sobald du Themen besucht hast und wird dazu verwendet, Informationen über die von dir gelesenen Beiträge zu speichern, um die ungelesenen Beiträge markieren zu können. Weitere Daten werden gesammelt, wenn Informationen an den Betreiber übermittelt werden. Dies betrifft — ohne Anspruch auf Vollständigkeit — zum Beispiel Beiträge, die als Gast erstellt werden, Daten, die im Rahmen der Registrierung erfasst werden und die von dir nach deiner Registrierung erstellten Nachrichten. Dein Benutzerkonto besteht mindestens aus einem eindeutigen Benutzernamen, einem Passwort zur Anmeldung mit diesem Konto und einer persönlichen und gültigen E-Mail-Adresse. Dein Passwort wird mit einer Einwege-Verschlüsselung (Hash) gespeichert, so dass es sicher ist. Jedoch wird dir empfohlen, dieses Passwort nicht auf einer Vielzahl von Webseiten zu verwenden. Das Passwort ist dein Schlüssel zu deinem Benutzerkonto für das Board, also geh mit ihm sorgsam um. Insbesondere wird dich kein Vertreter des Betreibers, der phpBB Group oder ein Dritter berechtigterweise nach deinem Passwort fragen. Solltest du dein Passwort vergessen haben, so kannst du die Funktion „Ich habe mein Passwort vergessen“ benutzen. Die phpBB-Software fragt dich dann nach deinem Benutzernamen und deiner E-Mail-Adresse und sendet anschließend ein neu generiertes Passwort an diese Adresse, mit dem du dann auf das Board zugreifen kannst. Gestattung der Datenspeicherung Du gestattest dem Betreiber, die von dir im Rahmen der Registrierung eingegebenen Daten sowie laufende Zugriffsdaten (Datum und Uhrzeit der Nutzung, IP-Adresse und weitere von deinem Browser übermittelte Daten) zu speichern und für den Betrieb des Boards zu verwenden. Regelungen bezüglich der Weitergabe deiner Daten Der Betreiber wird diese Daten nur mit deiner Zustimmung an Dritte weitergeben, sofern er nicht auf Grund gesetzlicher Regelungen zur Weitergabe der Daten verpflichtet ist oder die Daten zur Durchsetzung rechtlicher Interessen erforderlich sind. Du nimmst zur Kenntnis, dass die von dir in deinem Profil angegebenen Daten und deine Beiträge je nach Konfiguration im Internet verfügbar und von jedermann abrufbar sein können. Gestattung der Kontaktaufnahme Du gestattest dem Betreiber darüber hinaus, dich unter den von dir angegebenen Kontaktdaten zu kontaktieren, sofern dies zur Übermittlung zentraler Informationen über das Board erforderlich ist. Darüber hinaus dürfen er und andere Benutzer dich kontaktieren, sofern du dies an entsprechender Stelle erlaubt hast. Geltungsbereich dieser Richtlinie Diese Richtlinie umfasst nur den Bereich der Seiten, die die phpBB-Software umfassen. Sofern der Betreiber in anderen Bereichen seiner Software weitere personenbezogene Daten verarbeitet, wird er dich darüber gesondert informieren. Auskunftsrecht Der Betreiber erteilt dir auf Anfrage Auskunft, welche Daten über dich gespeichert sind. Du kannst jederzeit die Löschung bzw. Sperrung deiner Daten verlangen. Kontaktiere hierzu bitte den Betreiber. Zurück zur Anmeldemaske Powered by phpBB® Forum Software © phpBB Group Deutsche Übersetzung durch phpBB.de Impressum ","title":"Hamsterhilfe Nord • Persönlicher Bereich • Datenschutzrichtlinie","desc":null,"details":{"length":4180,"language":"de","date":"2014/10/31 16:18:38","type":"application/xhtml+xml","country":""},"crawling":{"duration":"1","date":"2014/10/31 16:18:38"},"metas":[{"name":"resource-type","value":"document"},{"name":"distribution","value":"global"},{"name":"keywords","value":""},{"name":"description","value":""}],"uri":{"protocol":"http","domain":"de.hamsterhilfenord.","url":"http://hamsterhilfenord.de/ucp.php?mode=privacy&sid=350ebcc631587944c23c2b13067dcbe1"}}},{"_index":"de_content_201410","_type":"resourceQ","_id":"http://veloxtra.de/nach-marke/simplon/?sid=h92u0ah41esv05f1vtn14gr1j7","_score":1.0, "_source" : {"body":" Deutsch Deutsch Deutsch EUR EUR EUR GBP CHF USD Konto Konto Mein Konto Mein Artikelvergleich Mein Merkzettel Mein Wunschzettel Meine Lieblingslisten Sie haben Ihr Passwort vergessen? Kein Problem, hier können Sie ein neues Passwort einrichten. Ihre E-Mail-Adresse: Bitte Wert angeben! Bitte geben Sie eine gültige E-Mail-Adresse ein Passwort anfordern Nachdem Sie den 'Passwort anfordern'-Knopf angeklickt haben, schicken wir Ihnen eine E-Mail zu, mit der Sie Ihr Passwort ändern können. Sollten Sie innerhalb der nächsten Minuten KEINE E-Mail mit Ihren Zugangsdaten erhalten, so überprüfen Sie bitte: Haben Sie sich in unserem Shop bereits registriert? Wenn nicht, so tun Sie dies bitte einmalig im Rahmen des Bestellprozesses. Sie können dann selbst ein Passwort festlegen. Sobald Sie registriert sind, können Sie sich in Zukunft mit Ihrer E-Mail-Adresse und Ihrem Passwort einloggen. Wenn Sie sich sicher sind, dass Sie sich in unserem Shop bereits registriert haben, dann überprüfen Sie bitte, ob Sie sich bei der Eingabe Ihrer E-Mail-Adresse evtl. vertippt haben. Sollten Sie trotz korrekter E-Mail-Adresse und bereits bestehender Registrierung weiterhin Probleme mit dem Login haben und auch keine \"Passwort vergessen\"-E-Mail erhalten, so wenden Sie sich bitte per E-Mail an: info@veloxtra.de Login Login ? Passwort merken Login Login mit: Registrieren Startseite Fahrrad Cross | X-Race (4) Dirt | BMX E-Bikes (2) Fitness (5) Fullys (15) Hardtails (23) Jugend | ATB (2) Kids (2) Race | Triathlon (7) Single | Fixie (1) Trekking | City (2) Urban (7) Rahmen-Set (3) Editionen (1) Bekleidung Woman Man Parts Bremsen (33) Dämpfer | Gabeln (6) Gepäckträger Griffe & Co. (4) Ketten | Kassetten (6) Kurbeln & Co. (8) Laufräder & Co. (4) Lenker & Co. Pedale Reifen & Co. Sättel Sattelstützen & Co. Schalthebel (6) Schaltung (14) Schutzbleche Steuersätze StVZO Zubehör Kameras (2) Pumpen (3) Angebote Fahrrad (41) Bekleidung (22) Parts (5) Zubehör (5) Sie sind hier: /  Nach Marke /  Simplon Simplon Sortierung: Wählen Name Name Preis Preis Artikel pro Seite: 10 10 20 50 100 Ansicht: Galerie zweispaltig Galerie zweispaltig Galerie Liste Simplon Stomp, MR-2, Blau/UD Carbon Größe: Bitte wählen 44 cm UVP 4.099,00 € 2.999,00 € 1 Stück | 2.999,00 €/Stück mehr Info Simplon Gravity SLX, Reba Race - Weiss/Rot/Carbon Größe: Bitte wählen 44 cm UVP 2.299,00 € 1.899,00 € 1 Stück | 1.899,00 €/Stück mehr Info Newsletter Abonnieren * Alle Preise inkl. MwSt., zzgl. Versandkosten. SERVICE Kontakt Hilfe Links Gästebuch Warenkorb Konto Merkzettel Mein Wunschzettel Öffentlicher Wunschzettel INFORMATIONEN Impressum AGB Datenschutz Versand und Kosten Widerrufsrecht Wie bestellen? Newsletter MARKE Alpina AVID BLIZ Bontrager Busch&Müller Cannondale Castelli Centurion Contec Conway Crazy Stuff CUBE Deuter Diamant Electra Fox Garmin Ghost GoPro Grünes Herz Hebie Lapierre Lezyne Maloja Maxxis Merida NoTubes ONeal Penco Pletscher Raleigh RockShox Rocky Mountain Rohloff Scott Shimano Simplon Specialized SRAM Thule Truvativ Veltec WM-Tec KATEGORIEN Fahrrad Bekleidung Parts Zubehör Angebote veloXtra | das bike-studio - Alles rund um das Thema Fahrrad, Radsportbekleidung und Zubehör Umfangreiches Produktsortiment und blitzschneller Versand! *: inkl. MwSt., zzgl. Versandkosten. ","title":"Fahrrad & Mountainbike  günstig kaufen | Simplon | online kaufen","desc":"nach marke, simplon - Simplon Stomp, MR-2, Blau/UD Carbon, Simplon Gravity SLX, Reba Race - Weiss/Rot/Carbon","details":{"length":3268,"language":"de","date":"2014/10/31 16:18:38","type":"text/html","country":""},"crawling":{"duration":"1","date":"2014/10/31 16:18:38"},"metas":[{"name":"description","value":"nach marke, simplon - Simplon Stomp, MR-2, Blau/UD Carbon, Simplon Gravity SLX, Reba Race - Weiss/Rot/Carbon"},{"name":"keywords","value":"nach, marke, simplon, stomp, mr-2, rahmen, hot, melt, nano, carbon, -, triple, fusion, ausstattung, federgabel, reba, race, blau/ud, gravity, slx, weiss/rot/carbon"}],"uri":{"protocol":"http","domain":"de.veloxtra.","url":"http://veloxtra.de/nach-marke/simplon/?sid=h92u0ah41esv05f1vtn14gr1j7"}}},{"_index":"de_content_201410","_type":"resourceQ","_id":"http://bogenshop-siegen.de/index.php?cname=bogenzubeh%c3%83%c2%b6r-verschiedenes&oscsid=3836abb7e41bc929331d6e4d4c84ef8f","_score":1.0, "_source" : {"body":" Suche   Bitte wählen Sie Ihr Land:   Startseite Versandkosten Zahlungsarten Widerrufsrecht Kontakt Mein Konto Neu eingetroffen Mein Warenkorb Zur Kasse   Wurfarme Bögen Recurve Langbogen Bogenzubehör Taschen und Koffer Bogenständer Pfeilauflagen Verschiedenes Bogentuning Sehnen Sehnenzubehör Ausrüstung für Bogenschützen Köcher Armschutz Bogenschlingen Fingerschutz Pfeilzieher Pfeile Carbonschäfte und Pfeile Aluschäfte und Pfeile Pfeilmaterial Zielscheiben und Zubehör Papierauflagen 3D-Scheiben Fangnetze Zielscheiben Scheibenständer Warenkorb  [Öffnen]   0 Produkte Suche   Aktuelles Alle Produkte, insbesondere die Fertigung von Bogenstaendern und Bögen, können individuell gefertigt und / oder von uns für Sie bestellt werden. Bei besonderen Wuenschen stehen wir Ihnen gerne zur Verfügung. Für praktische Erfahrungen können Sie uns auf unserem neuen Trainingsgelände besuchen.     Pfeilauswahl Wichtig ist, dass Pfeile individuell auf den jeweiligen Schützen und dessen Bogen abgestimmt werden.  Im ersten Schritt ist die Auszugslänge des Schützen zu ermitteln, nämlich der Abstand von Nockboden bis zur Pfeilauflage plus 1 bis 2 Zoll. Bei dieser Messung bleibt die Spitze unberücksichtigt. Maßgeblich ist ausschließlich die Länge des Pfeilschaftes. Außerdem kommt es auf die Zugstärke des Bogens an, und zwar die, die tatsächlich bei der eigenen Auszugslänge auf den Fingern liegt. Die Zugstärke ist zumeist auf den Wurfarmen angegeben und gilt für eine Standard-Auszugslänge von 28’’. Spannt der Schütze seinen Bogen darüber hinaus, so werden pro weiter gezogenes Zoll ca. 5 % des auf den Wurfarmen angegebenen Zuggewichts hinzugerechnet; bei entsprechend weniger Auszug abgezogen. Ragen die Pfeile deutlich weiter als 1,5’’ über die Peilauflage hinaus, so gilt die tatsächlich reell gemessenen Länge des Pfeils, also von Nockboden bis zum Ende des Schaftes (ohne Spitze). Als Größenordnung für das tatsächlich gezogene Zuggewicht wird die virtuelle Pfeillänge, also die Pfeillänge bis zur Pfeilauflage Plus 1,5’’, ermittelt.  Steht auf den Wurfarmen beispielsweise 36 lbs, so hat der Schütze hat eine gemessene Auszugslänge von 29’’. So ist sein gezogenes Zuggewicht auf den Fingern ca. 38 lbs. Zu den Favoriten Zu Favoriten hinzufügen Newsletter Willkommen beim Bogenshop-Siegen! Herzlich Willkommen bei Bogenshop-Siegen. Möchten Sie sich einloggen? Der etwas andere Shop für Bogen und Zubehör Neue Produkte Samick Mittelteil AGULLA RH 95,20 € [inkl. 19% MwSt zzgl. Versandkosten] Samick Mittelteil AGULLA RH  [mehr] 95,20 € [inkl. 19% MwSt zzgl. Versandkosten] Samick Mittelteil AGULLA RH 95,20 € [inkl. 19% MwSt zzgl. Versandkosten] Samick Mittelteil AGULLA RH  [mehr] 95,20 € [inkl. 19% MwSt zzgl. Versandkosten] DSC Lederhandschuh 5,36 € [inkl. 19% MwSt zzgl. Versandkosten] DSC Lederhandschuh  [mehr] 5,36 € [inkl. 19% MwSt zzgl. Versandkosten] Aurora Dynamic Recurvetasche BASE BL 16,66 € [inkl. 19% MwSt zzgl. Versandkosten] Aurora Dynamic Recurvetasche BASE BL  [mehr] 16,66 € [inkl. 19% MwSt zzgl. Versandkosten] EXE Fingerschlinge verstellbar 3,11 € [inkl. 19% MwSt zzgl. Versandkosten] EXE Fingerschlinge verstellbar  [mehr] 3,11 € [inkl. 19% MwSt zzgl. Versandkosten] Booster Pfeilzieher 3,57 € [inkl. 19% MwSt zzgl. Versandkosten] Booster Pfeilzieher  [mehr] 3,57 € [inkl. 19% MwSt zzgl. Versandkosten] Unsere Vertragshändler   Neue Produkte   EXE Fingerschlinge verstellbar 3,11 € [inkl. 19% MwSt zzgl. Versandkosten] Die richtige Länge eines Recurvebogens Um Recurvebögen individuell auf die Bedürfnisse des einzelnen Schützen anzupassen, werden Wurfarme in unterschiedlichen Längen geliefert, nämlich in kurz, mittel und lang. Zudem gibt es die gängigsten Mittelteile in zwei Varianten, und zwar in 23-Zoll (= kurzes Mittelstück) und der 25-Zoll (= langes Mittelstück). Gemessen werden die Bogenaußenkanten des Bogens. Die Gesamtlänge eines Recurvebogens ergibt sich aus der Kombination von Mittelstück und Wurfarm. Wird beispielsweise ein kurzes Mittelstück mit mittleren Wurfarmen kombiniert, so ermittelt sich eine Gesamtlänge von 66\". Bringt man ein langes Mittelstück mit einem kurzen Wurfarmen zusammen, so kommt man ebenfalls auf einen 66’’-Bogen. Beides ist denkbar, doch weist der Bogen in beiden Varianten völlig unterschiedliche Eigenschaften auf. Bei der ersten Variante hat man einen weichen und sehr angenehmen Auszug. Fehler fallen nicht so sehr ins Gewicht. Die zweite Variante gilt eher als schnell, aggressiv und genau, dafür aber auch empfindlicher in Bezug auf Schießfehler. Welche Länge ist die richtige? Ausgehend von einer Körpergröße von 1,76 m wäre ein 68\"-Bogen geeignet. Ist man größer, greift man zu einem 70\"-Bogen, ist man kleiner zu einem 66\"-Bogen. Speziell für Kinder und Jugendliche gibt es spezielle Bögen in der Länge ab 54\" bis 62’’. Die eigentliche Bogengröße hängt  nicht von der Körpergröße, sondern eher der Armlänge in Form der gezogenen Pfeillänge ab (Auszugslänge). Ausgehend von der Auszugslänge ist folgendes zu beachten: Bogenlänge Lange Wurfarm (Long Limbs) Mittlere Wurfarme (Medium Limbs) Kurze Wurfarme (Short Limbs) Kurzes Mittelstück - 23’’ (Short Riser) 68’’ 66’’ 64’’ Langes Mittelstück - 25’’ (Long Riser) 70’’ 68’’ 66’’ Angebote   Informationen Privatsphäre und Datenschutz Gutschein einlösen Kundeninformationen Zahlungsarten Kontaktformular Weitere Infos Service Mein Bogenshop-Siegen »  Mein Konto »  Meine Bestellungen »  Meine Rechnungen Service »  AGB »  Widerrufsrecht »  Datenschutz »  Versandkosten »  Zahlungsarten »  Kontakt »  Impressum Sicher Einkaufen Kontakt Mit uns vernetzen Newsletter    Dieser Shop wurde vollständig mit store-systems.de B2C Shop Pro 8.0 implementiert Alle Rechte vorbehalten Alle Preise inkl. MwSt. zzgl. Versandkosten  Shopsystem u. Shopsoftware von store-systems.de ","title":"Bogenshop-Siegen.de","desc":"Bogenshop-Siegen, Angelas Bogenshop, AB Bogenshop","details":{"length":5790,"language":"de","date":"2014/10/31 16:18:39","type":"application/xhtml+xml","country":""},"crawling":{"duration":"1","date":"2014/10/31 16:18:39"},"metas":[{"name":"Description","value":"Bogenshop-Siegen, Angelas Bogenshop, AB Bogenshop"},{"name":"Keywords","value":"Bogenshop, Siegen, Bogenzubehör usw. "}],"uri":{"protocol":"http","domain":"de.bogenshop-siegen.","url":"http://bogenshop-siegen.de/index.php?cname=bogenzubeh%c3%83%c2%b6r-verschiedenes&oscsid=3836abb7e41bc929331d6e4d4c84ef8f"}}},{"_index":"de_content_201410","_type":"resourceQ","_id":"http://musikdirekt.de/printable/accessoires/kapodaster/werkzeug/saiten/assets/s2dlogin.php?r=7068702e726464616432732f2e&sid=57465b60a36cf7d72c96131bfc54527c","_score":1.0, "_source" : {"body":" Accessoires Instrumente Parts Saiten Werkzeug Startseite Startseite Accessoires Instrumente Parts Saiten Werkzeug E.Post Impressum AGB Widerrufsrecht Datenschutz Zahlung Versand Hilfe Merkzettel anzeigen Warenkorb anzeigen Zur Kasse gehen Mein Konto In Ihrem Warenkorb: 0 Artikel, 0,00 EUR Guten Tag.. Zubehör Set für Gitarre mit 5 x Plektrum, 1 HERIBA Kapodaster, 1 Akkordbuch Gitarre und 1 Satz PICATO Saiten für Akustikgitarre 011-052 Druckbare Version Diese Website wurde erstellt mit web to date von DATA BECKER. Waren im Angebot... Mit unserem(r) Slogan/Rubrik .. Waren im Angebot..( WIA ) bieten wir Ihnen Artikel aus unserem Markensortiment, welche wir interessant finden und ein Kundeninteresse sehen. Auch um NEUES zu präsentieren oder um ein zu ´ruhiges Lager` aufzumuntern. Wir freuen uns.. PICATO Bass Black Nylon PICATO Jazz 013 PICATO Bouzouki IRISH Tuning unisono PICATO Banjo 4 Saitig IRISH tuning ","title":"Guten Tag..","desc":null,"details":{"length":916,"language":"de","date":"2014/10/31 16:18:38","type":"application/xhtml+xml","country":""},"crawling":{"duration":"1","date":"2014/10/31 16:18:38"},"metas":[{"name":"author","value":""},{"name":"description","value":""},{"name":"keywords","value":"Musikwaren, Musikartikel, Musikwarenversand, Musikdirekt, Musikinstrumente, Musikshop, guitarparts, gitarren saiten, guitar body, werkzeuge, instrumentenbau, picato, picado, saiten, überraschungsgeschenk, Überraschung, günstig"},{"name":"generator","value":"web to date 8.0"}],"uri":{"protocol":"http","domain":"de.musikdirekt.","url":"http://musikdirekt.de/printable/accessoires/kapodaster/werkzeug/saiten/assets/s2dlogin.php?r=7068702e726464616432732f2e&sid=57465b60a36cf7d72c96131bfc54527c"}}},{"_index":"de_content_201410","_type":"resourceQ","_id":"http://tz.de/sport/fc-bayern/schweigen-oezil-lange-faellt-aus-zr-3413876.html","_score":1.0, "_source" : {"body":" Nachrichten von tz München München Sport Übersicht Sport FC Bayern 1860 München Fußball Amateure FCB Basketball EHC München Wintersport Formel 1 Mehr Sport Tippkaiser schließen schließen Bayern Stars Reise Reise Auto Auto Lust Lust Abo Abo Mehr Politik Wirtschaft Welt Outdoor Outdoor Ratgeber Ratgeber TV Kino Multimedia Videos & Bilder Thema Wetter Anzeigen Anzeigen Über uns Über uns schließen schließen schließen schließen Menü ☺ ? ⛅ Sie sind hier: tz Startseite Sport FC Bayern Alles schlimmer bei Özil? Weitere Untersuchungen Zwangspause Alles schlimmer bei Özil? Weitere Untersuchungen Aktualisiert: 13.03.2014 - 14:22 + © dpa Mesut Özil (Mitte) im Zweikampf mit Thiago. © dpa London - Der FC Arsenal schweigt weiter über die Schwere der Oberschenkelverletzung von Mesut Özil, die er sich im Spiel gegen Bayern zugezogen hat. Der Tabellenzweite der Premier League will erst an diesem Freitag bei einer Pressekonferenz zur Partie bei Tottenham Hotspur eine Stellungnahme zur Dauer des Ausfalls des Spielmachers abgeben. Diese Taktik lässt die Fans befürchten, dass es sich um eine schlimmere Verletzung handelt als zunächst angenommen. „Ich weiß nicht, wie lange er fehlen wird. Es gibt noch weitere Untersuchungen“, sagte Coach Arsène Wenger am Donnerstag. Der zuletzt in die Kritik geratene Regisseur zog sich am Dienstag beim Champions-League-Aus im Achtelfinale beim FC Bayern München eine Muskelverletzung zu und wurde in der Pause ausgewechselt. Nach dem Spiel hatte Wenger erklärt, dass es „ziemlich ernst“ aussehe. Am Mittwoch wurde Özil bereits von den Arsenal-Ärzten untersucht. Die englischen Medien spekulierten über eine vier- bis sechswöchige Zwangspause. Der „Daily Mirror“ meinte, dass Özil am 12. April im FA-Cup-Halbfinale wieder mitwirken könne. Bestätigt wurde vonseiten des Clubs bisher nur, dass Özil das Derby gegen die Spurs am Wochenende verpassen wird. In den nächsten Wochen stehen für die Gunners entscheidende Partien im Titelkampf an. Am 22. März muss Arsenal beim FC Chelsea antreten. Am 29. März ist Manchester City zu Gast im Emirates. dpa Kuschel-Kicker: Erkennen Sie diese DFB-Stars? 0  Kommentare Teilen schließen Facebook (0) Twitter (0) Google+ (0) 0 Facebook schließen 0 Twitter schließen 0 Google+ schließen Feedback schließen Mehr zum Thema: FC Arsenal London Mesut Özil Meistgelesene Artikel Flirtet der FC Bayern mit Vidal? München - Gerade erst endete für Arturo Vidal (27) und seine Chilenen das WM-Märchen. Doch … Bayern will Cuadrado, aber... München - Der FC Bayern soll Interesse an Kolumbiens WM-Kicker Juan Cuadrado haben. Doch nicht nur, … Neue Kroos-Gerüchte: Was sein Berater sagt München - Hat die Hängepartie um Toni Kroos schon bald ein Ende? Jetzt hat er es auf die Titelseite … Dieser WM-Star hat sich entschieden - gegen Bayern! Lissabon/München - Nach David Luiz zieht der FC Bayern nun auch bei einem argentinischen … Kommentare Kommentar verfassen Unsere Services für Sie im Überblick Service Wetter Verkehr Tippkaiser Stadtteile Reiseangebote Anzeigen Trauer Autoanzeigen Stellenanzeigen Immobilienanzeigen Kleinanzeigen Anzeige aufgeben Abo Übersicht Aboservice Probeabo ePaper Preise Über uns Kontakt Impressum FAQ AGB Mediadaten Online Mediadaten Print Über unsere Werbung Volltextsuche Suchbegriff: Suchen Die mit Stern ( *) markierten Felder sind Pflichtfelder. E-Mail-Adresse * Passwort * Auf diesem Computer angemeldet bleiben Passwort vergessen? Jetzt registrieren Übersicht München Stadt Region Gastro Nightlife Tollwood Kultur Gewinnspiele tz auf bairisch schließen schließen Übersicht Reise Reisetipps Hotels Städtetrips Deutschland Europa Fernreisen Leserreisen Reiseangebote schließen schließen Übersicht Auto Verkehrsmeldungen Motorrad Auto-Ratgeber schließen schließen Übersicht Lust Girl des Tages schließen Übersicht Abo Probeabo Abonnement ePaper Leser werben Leser Abopreise Aboservice schließen Übersicht Outdoor Skifahren Biken Laufen Wandern schließen schließen Übersicht Ratgeber Wohnen Karriere Gesundheit Tiere schließen Übersicht Anzeigen Anzeige aufgeben Stellenanzeigen Immobilien Autoanzeigen Traueranzeigen Kleinanzeigen Branchenbuch Prospekte & Beilagen schließen Übersicht Über uns Kontakt Newsletter FAQ Impressum Datenschutz AGB Netiquette Jobs Mediadaten Online Mediadaten Print Nutzungsbasierte Online-Werbung schließen ","title":"Alles schlimmer bei Özil? Weitere Untersuchungen | FC Bayern","desc":"London - Der FC Arsenal schweigt weiter über die Schwere der Oberschenkelverletzung von Mesut Özil, die er sich im Spiel gegen Bayern zugezogen hat.","details":{"length":4327,"language":"de","date":"2014/10/31 16:18:38","type":"text/html","country":""},"crawling":{"duration":"1","date":"2014/10/31 16:18:38"},"metas":[{"name":"description","value":"London - Der FC Arsenal schweigt weiter über die Schwere der Oberschenkelverletzung von Mesut Özil, die er sich im Spiel gegen Bayern zugezogen hat."},{"name":"robots","value":"index,follow"},{"name":"news_keywords","value":"FC Arsenal London, Mesut Özil"},{"name":"viewport","value":"width=device-width, initial-scale=1, maximum-scale=1.0, user-scalable=no"},{"name":"og:type","value":"article"},{"name":"og:title","value":"Alles schlimmer bei Özil? Weitere Untersuchungen"},{"name":"og:url","value":"http://www.tz.de/sport/fc-bayern/schweigen-oezil-lange-faellt-aus-zr-3413876.html"},{"name":"og:image","value":"http://www.tz.de/bilder/2014/03/13/3413876/461420419-oezil_dpa_20140313-111704-2t5rFNvnqj06.jpg"},{"name":"og:site_name","value":"http://www.tz.de"},{"name":"og:description","value":"London - Der FC Arsenal schweigt weiter über die Schwere der Oberschenkelverletzung von Mesut Özil, die er sich im Spiel gegen Bayern zugezogen hat."},{"name":"twitter:card","value":"summary"}],"uri":{"protocol":"http","domain":"de.tz.","url":"http://tz.de/sport/fc-bayern/schweigen-oezil-lange-faellt-aus-zr-3413876.html"}}},{"_index":"de_content_201410","_type":"resourceQ","_id":"http://reedb.de/ad-419350-dunningen-b%c3%bcro-praxis-versteigerung:-sch%c3%a4tzwert-verkehrswert-deutschland-baden-w%c3%bcrttemberg/?convpriceto=mxn&lang=de","_score":1.0, "_source" : {"body":"Dunningen Büro/ Praxis Versteigerung 78655 Deutsch English Español Eλληνικα Français Hrvatski Italiano Norsk Português Pусский Türk Dunningen Büro/ Praxis Versteigerung 78655 Home Suchen Anbieten Anmelden Login [ Obj Nr. : ] Immobilien Immobilie anbieten Immobilien finden Immobilien Katalog Angebote Länder Immo Verzeichnis Mieten, Kaufen ... Immobilien Anbieter Login Anmelden Anbieter finden Produkte Preise/ Produkte Gewerbe Tarife Zubehör/ Tools Portalagent XML-Portalmanager XML Schnittstelle Währungskurse News Livesuche Allgemein Feedback senden Kunden über uns Impressum AGB & Datenschutz Partner Suchmaschinen-Opt. Immofinder.de Rechtsfreund.at Immobilienmakler Kooperationspartner Linkpartner Anbieter/gewerblich Sonstige:  Info >>> Firma immobilienpool.de Media GmbH&Co.KG techn. Dienstleister der Gerichte Hardtstr. 37a, Bau2 DE 76185 Karlsruhe Kontakt  (   Impressum )   eMail  0721-66336970 Homepage     Alle Angebote des Anbieters   Zwangsversteigerung als Büro genutzte 2-Zimmerwohnung  Obj.: 419350   zusätzliche Kontaktinformationen  Amtsgericht Rottweil Amtsgericht Rottweil Königstr. 20 78628 Tel.: +49 (0) 741/2430  Teileigentum  Büro/ Praxis Versteigerung: Schätzwert, Verkehrswert: 602 792,80 MXN (34 000,00 EUR)  weitere Informationen anfordern  Gutachten zu diesem Angebot  DE-78655 Dunningen, Kastanienweg 10  Baden-Württemberg, Deutschland  Versteigerungstermin 23.09.2014  Details   Zimmer:  2      Schätzwert, Verkehrswert: 602 792,80 MXN (34 000,00 EUR)  Argentine Pesos Australian Dollar Bahama Dollar Bosnia/Herzegovina CM Brazil real British Pound Bulgaria Lew Canadian Dollar CFP franc Pacifique Chilean Peso Chinese Yuan Colombian peso Costa Rican Colones Croatian Kuna Czech Koruna Danish Krone EURO Hungarian Forint Indian Rupees Japanese Yen Marokkanische Dirhams Mexican Peso New Zealand Dollar Norwegian Krone Panama balboas Paraguayan guaraní Philippine Peso Polish Zloty Romanian Leu Russian Rouble South Africa rand Swedish Krona Swiss Franc Tanzanian Shillings Thai Baht Trinidad/ Tobago Dollars Tunisian Dinar Turkey Lira U.S. Dollar Ukraine Hryvnia   Währungsrechner   Parkplatz   1  Kurzbeschreibung  ------------------------------------------ VERSTEIGERUNGSDATEN / TERMINSBESTIMMUNG: ------------------------------------------ Aktenzeichen: K 35/12 Im Wege der Zwangsvollstreckung soll am 23.09.2014 um 14:30 Uhr folgender Grundbesitz im Amtsgericht Rottweil, Königstraße 20, Sitzungssaal EG/31, öffentlich versteigert werden:Gemarkung Dunningen, eingetragen im Grundbuch von Dunningen, Blatt 3022 BV. Nr. 1, 812/10.000 Miteigentumsanteil an dem Grundstück Flst. 7457 Steineleh, Verkehrsfläche 67 m² Flst. 3370/39 Kastanienweg 10, Gebäude- und Freifläche 19 a 06 m² verbunden mit dem Sondereigentum an der Wohnung im Erdgeschoss und Obergeschoss sowie im Untergeschoss, im Aufteilungsplan vom 15./23.06.2010 mit Nr. 9 bezeichnet, (2 Räume im EG und OG, insg. 66 m² Nutzfläche, nebst WC-Anlage im UG, 29 m² Nutzfläche. Die Räume können im jetzigen Zustand als Büroräume, nicht aber zu Wohnzwecken genutzt werden, Baujahr 1999/2000, 4 Kfz-Stellplätze) - Angaben in Klammern ohne Gewähr - . Gem. § 74a Abs. 5, § 85a Abs. 2 Satz 1 ZVG festgesetzter Verkehrswert: 34.000,00 €. ------------------------------------------ OBJEKTBESCHREIBUNG: ------------------------------------------ Die Räumlichkeiten teilen sich auf in zwei Zimmer im EG und OG mit einer Wohn- bzw. Nutzfläche von insgesamt ca. 66 m², nebst Keller, Abstellraum und Dusch-Bad (ehem. WC-Anlage im UG) mit ca. 29 m² Nutzfläche. Die Büroräume wurden dadurch geschaffen, dass zwei ursprüngliche Büroräume zusammengelegt wurden. Eine interne Verbindung besteht nicht, der Zugang zum Obergeschoss erfolgt über eine Treppe im Gemeinschaftsbereich. Sie können im jetzigen Zustand als Büroräume, nicht aber zu Wohnzwecken genutzt werden. Der Allgemeinzustand der Räumlichkeiten ist entsprechend dem Alter mittelmäßig. Zu dem Sondereigentum gehört das Sondernutzungsrecht an den auf dem Grundstück befindlichen vier Kfz-Stellplätzen. Zum Zeitpunkt der Wertermittlung war das Objekt eigen genutzt. Gebäudebeschreibung: Das Anwesen ist in vier Bauteile untergliedert. Zum einen handelt es sich um zwei zweigeschossige Wohngebäude, welche im nördlichen Grundstücksteil parallel nebeneinander angeordnet sind. Insgesamt befinden sich in den beiden Wohngebäuden 13 Wohnungen, wobei die vier Wohnungen im Obergeschoss jeweils als Maisonettewohnungen im Obergeschoss und im Dachgeschoss ausgebaut sind. Zwischen den beiden Wohngebäuden und dem ehemaligen Büroteil ist ein kleiner 2-geschossiger Zwischenbau erstellt. In diesem Bereich befindet sich das zu bewertende Teileigentum Nr. 9, hier gibt es einen separaten Eingang. Über diesen Zwischenbau sind die weiteren Wohnungen (ehemalige Büroräume) erschlossen. Außerdem erfolgt über diesen Bereich ein Zugang zum Untergeschoss und zu den im Untergeschoss angeordneten Nebenräumen sowie zur Tiefgarage. Das Gebäude ist nur teilweise unterkellert. An der Seite gegen die „Staudenstraße / Steineleh“ ist dann an den Zwischenbau ein 2-geschossiger ehemaliger Büroanbau unter einem Pultdach angebaut. Die Büros wurden entsprechend den vorliegenden Teilungsplänen in Wohnungen umgebaut. An der Südseite vor dem Anbau ist die Tiefgarage mit 20 Stellplätzen angeordnet mit Zufahrt an der südwestlichen Grundstücksecke. Der Komplex wurde etwa 1999/2000 in Massivbauweise mit Sattel- und Pultdächern errichtet. Der Allgemeinzustand ist dem Alter entsprechend mittelmäßig, Im Gemeinschaftseigentum stehen noch verschiedene Restarbeiten offen. Seit der Erstellung des Gebäudes wurden keine wesentlichen Instandhaltungsarbeiten durchgeführt.  Lage  Das Versteigerungsobjekt befindet sich innerhalb der Ortslage der Gemeinde Dunningen (ca. 6.025 Einwohner) am Übergang zu einem Neubaugebiet. Bis zum Zentrum sind es ca. 600 m. In Dunningen sind eine gute Grundversorgung und alle Einrichtungen zur Befriedigung der Bedürfnisse des täglichen Bedarfs vorhanden. Aufteilung  Bei dem Versteigerungsobjekt handelt es sich um die zurzeit als Büro genutzte 2-Zimmerwohnung im Erd-, Ober- und Untergeschoss Nr. 9 in einer Mehrfamilienhaus-Anlage (Mittelbau) nebst Anteil an einer Verkehrsfläche.  Ausstattung  Heizung und WW-Versorgung: über einen Öl-Heizkessel, Stahlradiatoren mit Thermostatventilen, separater WW-Standspeicher, Abrechnung der Heizkosten über Wärmezähler in den einzelnen Wohn- und Büroeinheiten. Fenster: aus Holz mit Isolierglas, teilweise Rollläden über den Fenstern, im Keller Kunststofffenster mit Isolierglas. Bodenbeläge: gefliest. Elektroinstallationen: unter Putz verlegt und ausreichend vorhanden.  Sonstiges    WICHTIGE INFOS: 1) Diese Zwangsversteigerung wird veröffentlicht von immobilienpool.de als technischer Dienstleister im Namen und Auftrag der jeweiligen Amtsgerichte - eine Maklertätigkeit erfolgt nicht. Veröffentlichung im Auftrag und Namen von: Amtsgericht Rottweil Königstr. 20 78628 Rottweil Telefon: 0741/2430 2) Aus rechtlichen Gründen erteilen wir keine Auskünfte. Fragen zum Objekt richten Sie bitte  an den Gläubiger / -Vertreter oder das Amtsgericht. Gläubiger / -Vertreter: Volksbank Schwarzwald-Neckar eG, Hauptstraße 65, 78713 Schramberg Tel: 07422/2630, Az.: P.ST/66484 3) Bieter haben auf Verlangen im Termin sofort Sicherheit i. d .R. in Höhe von 10 % des Verkehrswertes (§ 68 ZVG) zu leisten oder nachzuweisen. 1. Sicherheitsleistung durch Barzahlung ist ausgeschlossen. 2. Sicherheit kann gem. § 69 ZVG geleistet werden durch einen frühestens 3 Werktage vor dem Versteigerungstermin von einem Kreditinstitut oder der Bundesbank ausgestellten Ver­rechnungsscheck, eine Bankbürgschaft oder die Über­weisung der Sicherheit auf das Konto der Gerichtskasse ca. eine Woche VOR der Versteigerung. Eine Besichti­gung ist nur im Einvernehmen mit dem Eigentümer, Mieter oder Pächter möglich 4) a) Bei dem hier genannten Kaufpreis handelt es sich um den gerichtlich festgesetzten Verkehrswert, der bei der Versteigerung unter- oder überschritten werden kann. b) Falls der Wert eines finanziellen Betrags 0,5 beträgt oder die Zimmeranzahl bzw. eine Flächenangabe ebenfalls mit 0,5 angegeben ist, so hat dies technische Gründe der Datenübertragung und lässt sich leider nicht vermeiden. Wir bitten dies zu entschuldigen.  5) Allgemeine Informationen zur Zwangsversteigerung, zu Terminaufhebungen und evtl. das Gutachten erhalten Sie unter www.versteigerungspool.de. 6) Alle Angaben ohne Gewähr.  Zustand  Zustand: TEIL_VOLLRENOVIERUNGSBED  Haftungsbeschränkung  die Veröffentlichung erfolgt ohne Gewähr. Bitte schauen Sie kurz vor dem Versteigerungstermin unter Angabe des jeweiligen Aktenzeichens unter www.versteigerungspool.de nach, ob der Termin tatsächlich stattfindet - vielen Dank!  bookmark this page:                             Anzeigen: © 2004 by n.Olivier Expose >>> Immobilien reedb 0702 V 7.011a.d / time:0.0729 / size: 67663 / 37.16.72.210 ","title":"Dunningen Büro/ Praxis Versteigerung 78655","desc":"Dunningen Büro/ Praxis Versteigerung 78655","details":{"length":8924,"language":"de","date":"2014/10/31 16:18:39","type":"text/html","country":""},"crawling":{"duration":"1","date":"2014/10/31 16:18:39"},"metas":[{"name":"language","value":"de"},{"name":"author","value":"immobilienpool.de Media GmbH&Co.KG,techn. Dienstleister der Gerichte,Hardtstr. 37a, Bau2,DE 76185 Karlsruhe"},{"name":"publisher","value":"immobilien.reedb.com"},{"name":"copyright","value":"immobilienpool.de Media GmbH&Co.KG,techn. Dienstleister der Gerichte,Hardtstr. 37a, Bau2,DE 76185 Karlsruhe,immobilien.reedb.com - Nachbagauer Olivier"},{"name":"title","value":"Dunningen Büro/ Praxis Versteigerung 78655"},{"name":"description","value":"Dunningen Büro/ Praxis Versteigerung 78655"},{"name":"keywords","value":"Dunningen Büro/ Praxis Versteigerung 78655,immobilien, immobilie, gewerbeimmobilien, gewerbeimmobilie, gastroimmo, gastroimmobilien, gastronomieimmobilien, hotelimmobilien, hotel, hotels, pension, pensionen, haus, häuser, wohnung, wohnungen, miete,"},{"name":"date","value":"Tue, 01 Jul 2014 23:31:31 GMT"},{"name":"page-topic","value":"Real estate,Immobilien"},{"name":"page-type","value":"Real estate database, Immobilien Datenbank"},{"name":"robots","value":"NOODP,INDEX,FOLLOW"}],"uri":{"protocol":"http","domain":"de.reedb.","url":"http://reedb.de/ad-419350-dunningen-b%c3%bcro-praxis-versteigerung:-sch%c3%a4tzwert-verkehrswert-deutschland-baden-w%c3%bcrttemberg/?convpriceto=mxn&lang=de"}}},{"_index":"de_content_201410","_type":"resourceQ","_id":"http://tintenpatronen-drucker.de/oki-mc-serie_tintenpatronen_4251.html?oscsid=3jilih34iojjnqif4prnn5sjn2","_score":1.0, "_source" : {"body":" Tintenpatronen-Drucker.de    Tintenpatronen » Oki MC Serie Ihr Konto  |  Warenkorb  |  Kasse    Oki MC Serie Oki MC 160N OKI MC 332 DN OKI MC 342 DN OKI MC 342 DNW OKI MC 350 OKI MC 351 DN Oki MC 352 DN OKI MC 360 OKI MC 361 DN Oki MC 362 DN OKI MC 560 DN OKI MC 560 N OKI MC 561 DN Oki MC 562 DNW Oki MC 760 DN Oki MC 760 DNFAX Oki MC 770 DNFAX Oki MC 780 DFNFAX Oki MC 851 DN OKI MC 860 CDTN OKI MC 860 CDXN OKI MC 860 DN Oki MC 861 CDTN Oki MC 861 CDXN Oki MC 861 DN Neue Produkte im Juli Alternativ OKI Toner C110 C130 C160 Gelb 31,36EUR inkl. gesetzl. MwSt zzgl.Versand Original Trommel Oki 44064010 Magenta 85,09EUR inkl. gesetzl. MwSt zzgl.Versand Original Oki Trommel 45395702 Magenta 189,40EUR inkl. gesetzl. MwSt zzgl.Versand Original Toner Oki 43377103 Fuser Unit 78,53EUR inkl. gesetzl. MwSt zzgl.Versand Alternativ OKI Toner 44973535 Cyan 24,99EUR inkl. gesetzl. MwSt zzgl.Versand Original Toner Oki 44469803 Schwarz 51,14EUR inkl. gesetzl. MwSt zzgl.Versand Original Oki Toner 44059255 Cyan 132,65EUR inkl. gesetzl. MwSt zzgl.Versand Original Toner Oki 43865723 Cyan 165,05EUR inkl. gesetzl. MwSt zzgl.Versand Alternativ OKI Toner C301 C321 C332 C342 5er Sparset 122,99EUR inkl. gesetzl. MwSt zzgl.Versand Tintenpatronen Toner Druckerpatronen für BROTHER  Brother DCP Drucker  Brother Fax Drucker  Brother MFC Drucker Druckerpatronen für CANON  Canon BJ Drucker  Canon BJC Drucker  Canon Fax Drucker  Canon i Serie Drucker  Canon Multipass Drucker  Canon PIXMA Drucker  Canon PIXUS Drucker  Canon S Drucker  Canon Smartbase Drucker  Canon Sonstige Drucker Druckerpatronen für EPSON  Epson C / CX Drucker  Epson D / DX Drucker  Epson Expression Home Drucker  Epson R / RX Drucker  Epson S / SX Drucker  Epson Stylus Office  Epson Stylus Pro Drucker  Epson StylusColor Drucker  Epson StylusPhoto Drucker  Epson Workforce Drucker  Epson Sonstige Drucker Druckerpatronen für HP  HP Business Inkjet  HP DesignJet  HP Deskjet Drucker  HP Officejet Drucker  HP Photosmart Drucker  HP PSC Drucker  HP Sonstige Drucker Druckerpatronen für Kodak  Kodak ESP EasyShare  Kodak ESP Office HERO  Kodak ESP Office Serie  Kodak ESP Serie Druckerpatronen für Lexmark  Lexmark Color Jet Drucker  Lexmark P Drucker  Lexmark Sonstige Drucker  Lexmark X Drucker  Lexmark Z Drucker Toner für Brother  Brother DCP Drucker  Brother HL Drucker  Brother MFC Drucker  Brother Fax Drucker Toner für Canon Laserdrucker  Canon CLC  Canon Colorpass  Canon FC  Canon IR  Canon Laserbase  Canon LaserClass  Canon Laserfax  Canon LBP  Canon NP  Canon PC Toner für Epson Laserdrucker  Epson AcuLaser  Epson EPL Toner für HP Laserdrucker  HP Laserjet  HP Color Laserjet Toner für Kyocera Drucker  Kyocera FS-Serie  Kyocera KM-Serie  Kyocera Ci, Vi, Xi - Serie  Kyocera DC-Serie  Kyocera DR-Serie Toner für Lexmark Laserdrucker  Lexmark C-Serie  Lexmark E-Serie  Lexmark T-Serie  Lexmark Optra Serie  Lexmark Sonstige  Lexmark W-Serie  Lexmark X-Serie  IBM Drucker Toner für OKI Drucker  Oki B - MB Serie  Oki C-Serie Oki MC Serie     Oki MC 160N     OKI MC 332 DN     OKI MC 342 DN     OKI MC 342 DNW     OKI MC 350     OKI MC 351 DN     Oki MC 352 DN     OKI MC 360     OKI MC 361 DN     Oki MC 362 DN     OKI MC 560 DN     OKI MC 560 N     OKI MC 561 DN     Oki MC 562 DNW     Oki MC 760 DN     Oki MC 760 DNFAX     Oki MC 770 DNFAX     Oki MC 780 DFNFAX     Oki MC 851 DN     OKI MC 860 CDTN     OKI MC 860 CDXN     OKI MC 860 DN     Oki MC 861 CDTN     Oki MC 861 CDXN     Oki MC 861 DN  Oki Fax Oki Jet  Oki Laser  Oki Office  Oki OKIPage Serie Oki Sonstige Toner für Samsung  Samsung CLP  Samsung CLX  Samsung ML  Samsung SCX  Samsung SF  Samsung SL Toner für Konica Minolta Drucker Konica Minolta Desklaser  Konica Minolta Fax  Konica Minolta Magicolor  Konica Minolta Pagepro  Konica Minolta Pageworks  Konica Minolta PS  Konica Minolta Sonstige Konica Minolta SP  Toner für Dell Drucker  Druckerpatrone für Xerox  Toner für Xerox Drucker  Druckerpatronen für Dell Neue Produkte Original Canon CLI-526BK Tintenpatronen Foto Schwarz 9,75EUR inkl. gesetzl. MwSt zzgl.Versand Schnellsuche   Verwenden Sie Stichworte, um ein Produkt zu finden. erweiterte Suche Warenkorb 0 Produkte Informationen Impressum Liefer- und  Versandkosten Privatsphäre  und Datenschutz Unsere AGB's Kontakt Bestseller 01. Original Toner Oki 44469803 Schwarz 02. Original Toner Oki 44469706 Cyan 03. Original Toner Oki 44469705 Magenta 04. Original Toner Oki 44469704 Gelb 05. XL Original Toner Oki 44250724 Schwarz 06. Original Trommel Oki 44064012 Schwarz 07. XL Original Toner Oki 43459324 Schwarz 08. Original Trommel Oki 44064010 Magenta  www.Tintenpatronen-Drucker.de -  Mittwoch, 02. Juli 2014   (c) Tintenpatronen-Drucker .de Alle Rechte vorbehalten. Abbildungen ähnlich. Alle Preise verstehen sich inkl. MwSt. zzgl. Versandkosten. Wir weisen darauf hin, dass kompatible oder nachgefüllte (Refill) Tintenpatronen, Druckerpatronen und Toner sowie Nachfüllsets mit Nachfülltinte in keiner Verbindung zu den original Druckerpatronen, Tintenpatronen und Toner der OEM Hersteller stehen. Alle angegebenen Firmen- und Markennamen sowie deren Warenzeichen sind Eigentum Ihrer Inhaber und dienen auf unseren Seiten lediglich zur Identifikation und Beschreibung der Produkte (Tintenpatrone, Druckerpatrone, Nachfüllset, Nachfülltinte und Toner). Es gelten unsere AGB. Druckerpatronen Sushi Asiashop Tintenpatronen Druckerpatronen Nachfüllsets Tintenpatrone Druckerpatrone Druckerpatronen Toner Druckerpatronen Nachfülltinte ","title":"Oki MC Serie - Tintenpatronen","desc":"- Oki MC Serie Druckerpatronen Toner","details":{"length":5481,"language":"de","date":"2014/10/31 16:18:40","type":"text/html","country":""},"crawling":{"duration":"1","date":"2014/10/31 16:18:40"},"metas":[{"name":"Description","value":"- Oki MC Serie Druckerpatronen Toner"},{"name":"Keywords","value":"oki mc serie, oki mc 350, oki mc 360, oki mc 560 dn, oki mc 560 n, oki mc 860 cdtn, oki mc 860 cdxn, oki mc 860 dn, oki mc 160n, oki mc 351 dn, oki mc 361 dn, oki mc 561 dn, oki mc 332 dn, oki mc 342"},{"name":"page-topic","value":"oki mc serie, oki mc 350, oki mc 360, oki mc 560 dn, oki mc 560 n, oki mc 860 cdtn, oki mc 860 cdxn, oki mc 860 dn, oki mc 160n, oki mc 351 dn, oki mc 361 dn, oki mc 561 dn, oki mc 332 dn, oki mc 342"},{"name":"page-type","value":"oki mc serie, oki mc 350, oki mc 360, oki mc 560 dn, oki mc 560 n, oki mc 860 cdtn, oki mc 860 cdxn, oki mc 860 dn, oki mc 160n, oki mc 351 dn, oki mc 361 dn, oki mc 561 dn, oki mc 332 dn, oki mc 342"},{"name":"robots","value":"follow"},{"name":"resource-type","value":"document"},{"name":"LANGUAGE","value":"deutsch, de, at, ch, german"},{"name":"revisit-after","value":"14 days"},{"name":"AUTHOR","value":"Tintenpatronen, Toner, Refillset, Nachfuelltinte"},{"name":"copyright","value":"© 2006 Tintenpatronen-Drucker.de - Tintenpatronen, Toner, Refillset, Nachfuelltinte"},{"name":"page-type","value":"Shopping"}],"uri":{"protocol":"http","domain":"de.tintenpatronen-drucker.","url":"http://tintenpatronen-drucker.de/oki-mc-serie_tintenpatronen_4251.html?oscsid=3jilih34iojjnqif4prnn5sjn2"}}},{"_index":"de_content_201410","_type":"resourceQ","_id":"http://video-town.de/blu-ray/erotik---1_440.html?xtcsid=hcabggpttv6vvp206o26u85le2","_score":1.0, "_source" : {"body":" Schnellsuche Erweiterte Suche » Filialen Home Angebote Neuheiten Vorschau Kauffilme Charts Filme Blu-Ray Abenteuer Action Anime/Manga Antikriegsfilm Biopic Comedy Dokumentation Drama Eastern Episodenfilm Erotik Fantasy Historienfilm Horror Interview Katastrophenfilm Kinderfilm Kinderfílm Komödie Konzert Kriegsfilm Kriminalfilm Kurzfilm/e Martial Arts Musi Musical Musik Musikfilm Mystery Naturfilm Portrait/Biografie Psychothriller Romanze Satire/Parodie Science Fiction Special Interest Sport Tanzfilm Theater Thriller Tierfilm Tragikomödie Trickfilm/Animation TV-Produktion/Serie TV-Serie Western Zeichentrick Zeitgeschichte DVD Abenteuer Action Anime/Manga Antikriegsfilm Biopic Bollywood Comedy Dokumentation Drama Eastern Episodenfilm Erotik Esoterik Fantasy Historienfilm Horror Interview Katastrophenfilm Kinderfilm Kinderfílm Komödie Konzert Kriegsfilm Kriminalfilm Kurzfilm/e Lernen/Wissen Marionettenfilm Martial Arts Monumentalfilm Musi Musical Musik Musikfilm Musikvideo Mystery Naturfilm Persiflage Portrait/Biografie Psychothriller Puppenspiel Roadmovie Romanze Satire/Parodie Science Fiction Special Interest Sport Stummfilm Tanzfilm Theater Thriller Tierfilm Tragikomödie Trickfilm/Animation TV-Produktion/Serie TV-Serie Unterhaltung Wellness-Video Western Zeichentrick Zeitgeschichte Blu-Ray - Erotik 1  2  3  4  5  6  7  8  9  A  B  C  D  E  F  G  H  I  J  K  L  M  N  O  P  Q  R  S  T  U  V  W  X  Y  Z    1  Streng Latex, Leder, Schmerzen und Lust! Es ist eine bizarre Welt, in der ein namenloser Banker und eine junge Frau ihren sexuellen Bedürfnissen nachgehen. Er geprägt von der Lust an der Unterwerfung, sie mit Hang zur Bestrafung ihres Gegenübers. Ohne Ursachenforschung zu betreiben, taucht \"Streng\" tief ein in das sadomasochistische Beziehungsmodell der beiden, das unweigerlich in eine Tragödie mündet. mehr Regisseur: Hélène Fillières Darsteller: Laetitia Casta, Philippe Nahon, Benoît Poelvoorde Medium: auch auf: erhältlich! Vö-Datum: 11.04.2014   Verfügbarkeit aller Filialen   Kiss of the Damned Djuna ist ebenso schön wie gefährlich - und ein Vampir. Als sie dem charmanten und gut aussehenden Drehbuchautor Paolo begegnet, kann sie ihm nicht widerstehen: Beim entfesselten Liebesspiel verwandelt sie ihn mit einem Biss in einen Untoten. Es ist der Beginn einer leidenschaftlichen Affäre, bis Djunas unkontrollierbare Vampirschwester Mimi auftaucht. Sie bedroht nicht nur die Liebe von Djuna und Paolo, sondern bringt auch die gesamte Vampirgemeinschaft in höchste Gefahr. mehr Regisseur: Xan Cassavetes Darsteller: Milo Ventimiglia, Roxane Mesquida, Joséphine de La Baume Medium: auch auf: erhältlich! Vö-Datum: 28.03.2014   Verfügbarkeit aller Filialen   Love Battles - Mein erotischer Ringkampf Eine junge Frau kehrt zurück in ihr Elternhaus, um es zu verkaufen. In dieser aufwühlenden Zeit verliebt sie sich in den attraktiven und gut gebauten Nachbarn. Sie haben jedoch einen schwierigen Start mit ihrer Liebe, denn ihre verbalen Kabbeleien intensivieren sich und werden schnell zu Handgreiflichkeiten. Sie schubsen und boxen sich, sie wälzen und verletzen sich. Als die Verspieltheit aus ihren Liebeskämpfen weicht, müssen sie die Gewalt beenden, damit Liebe und Leidenschaft die Oberhand gewinnen kann. mehr Regisseur: Jacques Doillon Darsteller: James Thiérrée, Sara Forestier, Louise Szpindel, Mahault Mollaret Medium: auch auf: erhältlich! Vö-Datum: 05.03.2014   Verfügbarkeit aller Filialen   Q - Sexual Desire Drei Geschichten mit überschäumender Erotik und Leidenschaft: Als die 20jährige Cécile (Déborah Révy, „Augustine“) ihren Vater verliert, sucht sie Trost in sexuellen Kontakten – sie übertritt gesellschaftliche Normen und bricht Tabus auf ihrer Suche nach Wahrhaftigkeit… Alice (Hélène Zimmer) hat Probleme mit ihrer Mutter und flüchtet sich in Träume voller Liebe und Sex. Als sie Matt (Gowan Didi) kennenlernt, scheint er die Liebe ihres Lebens zu sein, doch er ist ein notorischer Fremdgeher… Das Leben auf dem Land frustriert Virgine (Christelle Benoit) zusehends. Sie liebt ihren Mann zwar über alles, doch er gibt ihr nicht die Liebe, die sie braucht, sodass sie sich in eine sexuelle Scheinwelt flüchtet… mehr Regisseur: Laurent Bouhnik Darsteller: Déborah Révy, Helene Zimmer, Gowan Didi Medium: auch auf: erhältlich! Vö-Datum: 10.06.2013   Verfügbarkeit aller Filialen   Erotische Fantasien (3D+2D - Heisse Nächte, feuchte Träume...) Visuelle Kunst und heiße Erotik können eine interessante Kombination ergeben, wie dieser Film beweist. Akteure, die voller Leidenschaft bei der Sache sind, geben sich in diversen Variationen ihren erotischen Fantasien hin – und dies in ungewohnter Umgebung. Kunstobjekte sowie zahlreiche Licht- und Technikeffekte bieten dem Betrachter immer neue Perspektiven, ohne dass er den Blick auf das Wesentliche verliert. mehr Medium: Vö-Datum: 28.09.2012   Verfügbarkeit aller Filialen   Erotische Fantasien (3D+2D - Weibliche Verführungskünste) Visuelle Kunst und heiße Erotik können eine interessante Kombination ergeben, wie dieser Film beweist. Akteure, die voller Leidenschaft bei der Sache sind, geben sich in diversen Variationen ihren erotischen Fantasien hin – und dies in ungewohnter Umgebung. Kunstobjekte sowie zahlreiche Licht- und Technikeffekte bieten dem Betrachter immer neue Perspektiven, ohne dass er den Blick auf das Wesentliche verliert. mehr Medium: Vö-Datum: 28.09.2012   Verfügbarkeit aller Filialen   Sleeping Beauty Lucy, eine junge, attraktive Universitätsstudentin, finanziert sich ihr Studium mit allerlei Nebenjobs: Putzen im Café, Bürounterlagen kopieren, zu medizinischen Testzwecken Magensonden verschlucken. Auch Prostitution gehört in ihr Arbeits-Repertoire. Über eine Anzeige in einer Studentenzeitung gelangt sie zu einem außergewöhnlichen, aber lukrativen Job, in eine Welt erotischer Fetische. Alte Herren dürfen ihre Sexphantasien mit einer einzigen Einschränkung an ihr ausleben - keine Penetration. Lucy ist dabei betäubt. Doch schon bald überwältigt sie die Neugier, was in jenen Nächten mit ihr angestellt wird… mehr Regisseur: Julia Leigh Darsteller: Emily Browning, Rachael Blake, Ewen Leslie Medium: auch auf: erhältlich! Vö-Datum: 15.02.2012   Verfügbarkeit aller Filialen   Sex and Zen - Extreme Ecstasy (3D) Der Gelehrte Wei Yangsheng kann sein Glück kaum fassen: er darf die wunderschöne Yuxiang heiraten. Sein Glück wird einzig dadurch getrübt, dass er mehr als spärlich ausgestattet ist und seine Frau sich als äußerst frigide entpuppt. Frustriert landet Wei im berüchtigten Pavillon der ultimativen Glückseligkeit, wo sich die schönsten und tabulosesten Frauen des Landes tummeln. Dort beschließt er, seinen winzigen Penis durch den eines Esels austauschen zu lassen... mehr Regisseur: Christopher Sun Lap Key Darsteller: Saori Hara, Leni Lan, Vonnie Lui, Yukiko Suô, Hiro Hayama, Wah Chiu Ho, Tony Ho Medium: Vö-Datum: 24.11.2011   Verfügbarkeit aller Filialen     1  Newsletter eMail-Adresse Facebook Di. & Do. = Happy Hour Mittwoch = Videotag Happy BIRTHDAY Filialen Alle VIDEO TOWN Mariendorf VIDEO TOWN Staaken Movies Games XXX-Erotik Info Unsere AGB Unsere FAQs Kontakt Impressum powered by - Ihre Videothek online eCommerce Engine © 2006 xt:Commerce Shopsoftware","title":"Erotik - Videotown","desc":null,"details":{"length":7221,"language":"de","date":"2014/10/31 16:18:40","type":"application/xhtml+xml","country":""},"crawling":{"duration":"1","date":"2014/10/31 16:18:40"},"metas":[{"name":"generator","value":"(c) by xt:Commerce v3.0.4 SP2.1 , http://www.xt-commerce.com"},{"name":"robots","value":"index,follow"},{"name":"language","value":"de"},{"name":"author","value":""},{"name":"publisher","value":""},{"name":"company","value":""},{"name":"page-topic","value":"shopping"},{"name":"reply-to","value":"xx@xx.com"},{"name":"distribution","value":"global"},{"name":"revisit-after","value":"14"},{"name":"og:title","value":""},{"name":"og:url","value":"http://www.video-town.de/product_info.php?shop=movies&products_id="},{"name":"og:image","value":""},{"name":"og:description","value":""},{"name":"og:site_name","value":"welovevideotown"},{"name":"description","value":""},{"name":"keywords","value":""}],"uri":{"protocol":"http","domain":"de.video-town.","url":"http://video-town.de/blu-ray/erotik---1_440.html?xtcsid=hcabggpttv6vvp206o26u85le2"}}},{"_index":"de_content_201410","_type":"resourceQ","_id":"http://johannes-selenka-schule.de/1716.html?l=qxkfrtif","_score":1.0, "_source" : {"body":"   English Français Polski Español Johannes-Selenka-Schule Berufsbildende Schulen der Stadt Braunschweig Menu Startseite Bildungsangebote A–Z Schulformen Berufsschule Berufseinstiegsschule Berufsvorbereitungsjahr (BVJ) BVJ Bautechnik BVJ Ernährung BVJ Farbtechnik und Raumgestaltung BVJ Holztechnik Berufseinstiegsklasse (BEK) BEK Holztechnik Berufsfachschule Einjährige BFS BFS Bautechnik Schwerpunkt Zimmerer BFS Druck BFS Farbtechnik und Raumgestaltung, Schwerpunkt Raumgestaltung BFS Agrarwirtschaft und Gartenbau BFS Gastronomie BFS Gastronomie, Schwerpunkt Hotelfachfrau/-mann BFS Holztechnik, Schwerpunkt Tischler und Holzmechaniker Zweijährige BFS BFS Technik (im zweiten Jahr) Zweijährige BFS, berufsqualifizierend Fachoberschule FOS Technik Technik Naturwissenschaften in der Fachoberschule Technik / Klasse 12 Mathematik FOS Gestaltung Einleitung/Exposition Aufnahmebedingungen Lehrerinnen und Lehrer der FOS Informationen zum Praktikum Termine Projekte Zukunftsperspektiven Lehrplan Berufliches Gymnasium Systematischer Überblick Vollzeitangebote Ohne Hauptschulabschluss Höherwertige Abschlüsse Ausbildungsberufe Bäckereifachverkäufer/-in Bau- und Metallmaler/in Baustoffprüfer/-in Bauten- und Objektbeschichter Bauzeichner/-in Informationen Unterrichtsmittel Biologielaborant/-in Basisinformationen Details Buchbinder/-in Chemielaborant/-in Basisinformationen Details Ausbildende Unternehmen Aktuelles Dachdecker/-in Fachmann/frau für Systemgastronomie Fachkraft im Gastgewerbe Fahrzeuglackierer/in Fleischer/-in Fleischereifachverkäufer/-in Fliesen-, Platten- und Mosaikleger/-in Florist/-in Lernfelder Stundentafel Projekte Gebäudereiniger/-in Industriekletterer Wettbewerbe Infos Studium der Gebäudereinigungstechnik Gestalterin/-in für visuelles Marketing Gärtner/-in Der Weg zum Gärtner Organisation Garten- und Landschaftsbau Zierpflanzenbau Aktuelles Landschaftsgärtner-Cup 2013 Gärtner auf der Walz Hotelfachmann/frau (Hofa) Planen einer Festveranstaltung Konditor/-in Koch/-in Landwirt/-in Voraussetzungen Überbetriebliche Ausbildung Stundentafel Landwirt/in Maler/-in und Lackierer/-in Mediengestalter/-in Informationen Medientechnologe/-in Medientechnologe/-in Druck Weitere Informationen Tätigkeiten Was Schüler sagen Medientechnologe/-in Druckverarbeitung Medientechnologe/-in Siebdruck Physiklaborant/-in Basisinformationen Details Ausbildende Unternehmen Restaurantfachmann/frau Tischler/-in Verfahrensmechaniker/-in für Beschichtungstechnik Vermessungstechniker/-in Werker/-in im Gartenbau Ausbildungsinhalte Werkstoffprüfer/-in Basisinformationen Details Ausbildende Unternehmen Zahntechniker/-in Basisinformationen Details Ausbildende Unternehmen Zimmerer/Zimmerin Allgemeinbildende Fächer Politik Rahmenlehrplan Politik Deutsch Fremdsprachen Sport Religion Werte/Normen Team Religion Werte/Normen Tipps und Hilfen IServ Virtuelles Lernbüro Schulleben Schulprogramm/Leitbild Unser Schulprogramm Unser Leitbild Unser Webauftritt Galerien Gautschzeremonie Verabschiedung H.Hammecke Freisprechung2013 Abschlussklassen FOS/GTA 2013 Abschlussparty FOS/GTA 2012 Abschlussklassen FOS/GTA 2012 Ausstellung in der Klosterkirche Riddagshausen Abschlussklassen FOS/GTA 2011 N-Joy-Besuch Abschlussklassen FOS/GTA 2010 Abschlussfeier Abschluss-Party Drucktechnik in Heidelberg International Unsere Partner und wir FRANKREICH-LA ROCHELLE Lycée Hotelier La Rochelle 2013 POLEN - SWARZEDZ Zespól Szkól Nr. 1 POLEN - TARNOW: Zespół Szkół Budowlanych Polen - Tarnow SPANIEN-GRANADA Ave Maria de St. Christobal Besuch aus Granada 2013 Besuch aus Granada 2012 Besuch aus Granada 2011 D: Johannes-Selenka-Schule Europassübergabe 2013 Europass 2010 für Schüler/Azubis Beratungsstellen Aufnahmeberatung Studienwahl Börse Ausbildungsplatzangebote für Lehrer Schulverweigerung Steuergruppe Forum Unterrichtsqualität Fortbildungen Gleichstellungsbeauftragte Präventionswoche Präventionstage 2014 Log-in/Log-off Registrieren Präventionstage 2012 Die Workshops Eröffnung Abschlussfeier Atommüll Flashmob Braunschweig endecken Bewerbungstraining und Stressbewältigung Botanisieren Cajon bauen Chillen & Grillen Comic oder Storyboard Drucken Essen ohne Fleisch Facebook Gesunde Lebensmittel Gewalt im Sport Gitarren-Workshop HipHop Kanu Klettern Leberkäse für alle Lernspiele II Lernspiele I Mit dem Rad zur Schule Miteinander drechseln Miteinander in Bildern Nickelnkulk Nur schönes Essen auf den Teller Präventionszeitung Schach Schreibwerkstatt Selbstbehauptung Tchoukball Tischfussball Tischtennis Trommeln Tom und Lisa feiern eine Party! Weltreligionen Yoga Zeitung lesen Präventionswoche 2009 Startschuss der I. Präventionswoche vom 9.–15. September 2009 Externe Workshops Aikido Erste Hilfe am Unfallort – Jeder kann es lernen Ideen Expo Jonglieren Hockey Hochseilgarten Kletterspiele Kletterwand Sport und Spaß Schüler hinter Gittern Radtour zum Tetzelstein Hamburger Straße Drechseln Finanzielle Probleme Schießbilder Suchtparcours Tag der offenen Haustür Teamarbeits-Spiele The Lenka Project Wie viel Lärm darf sein ? Hochstraße Einsatz in vier Wänden - Schulhof spezial Mobbing- jeder hat die Erfahrung gemacht Sucht eine Krankheit so tückisch wie Krebs Wellnessoase für zuhause Zeitung lesen – aber anspruchsvoll! Inselwall Alkohol und Drogen Architektur zum Anfassen Cybercrime & Drogen. Ein gefährlicher Cocktail? Clockwork Orange Daten- und Verbraucherschutz-Workshop Die Sucht des Glücksspiels Die Zeitung Dino Challenge Ein Junge im gestreiften Pyjama Einradfahren – Die Balance in dir gewinnt Essen mit Geschmack Essstörungen Ernährungsbedingte Krankheiten Gewalt in Spielfilmen Gewalt im Sport Hip Hop Ich will kein Opfer sein Fit und Gesund Kochen mit Vielfalt Konfliktmanagement Mein Kumpel - ein Rechter Niedrigseilgarten Schach - Mit Taktik zum Sieg Selbstverteidigung Sicher im guten Ton Tanzkurs – Mit eleganten Schritten gegen Gewalt Tischtennis – Kleiner Ball mit Niveau Vorbeugen durch Strafe Was ist Deutsch Wing Tsun Wir sind Homepage Yoga und Meditation – Entspannung im Klassenzimmer Zivilcourage Die Zeitung Galerie Abschlussveranstaltung der I. Präventionswoche vom 9.–15. September 2009 Personalrat Presse Archiv Schulsozialarbeit Beratungslehrer/-in Outdoor-Parcours Info Reservierungen Log-in/Log-off Galerie Aktionen und Projekte FOS-Wettbewerbsfilme Bildhauer Scheer Berliner Filmproduzent Herstellung von Brühwurst Bunt statt Blau! SCHUH-FOG 2013 Austausch 2013 Fagus-Werk Bunt statt Blau Gärtner-Cup 2013 Zieh!Dich!An! GVM went to London Gutes Design! Zweite Spendenaktion für ein Kinderheim in Tansania Klapptische für Kindergarten \"Bunt statt blau\" Drei an einem Strang FOS 11 Portraitmalerei Stop Motion Filmfestival Besuch beim Filmfest Adventskranzwettbewerb für Florist-Auszubildende GTA 11 gestaltet ein neues Logo GTA 11 - Design für die Szene GTA 11 - La Rochelle Alle weiteren Aktionen und Projekte befinden sich im Archiv Orkan Xaver 3 Engel für Braunschweig Wilde Töne Abschlussfeier Die FOG 2B gewinnt! Schulausstellung 6/2008 Plakate für JoSeV Gesellenstückausstellung 2008 Umweltfreundliches Verhalten Wanderaustellung in Raum 2000 Niedersächsische Jugendmeisterschaft der Gastronomie Tag der offenen Tür Niedrigseilgarten Exotische Fische Präsentationskurs FOS 11 Planen einer Festveranstaltung Hommage 4 Projektarbeit - Epoche 2006/2007 Besuch aus Polen \"Trauerfloristik\" in der Hochstrasse Braunschweiger Jugendmeisterschaft Sightseeing in Brunswick Abschlussfeier der FOS Projektarbeit der Mediengestalter Haiku Beton Seminar 2007 Pünktchen und Anton Projekt: Tag des Schülercafés Galerie GTA 10 Klassenfahrten Besuch im Bundestag Die FOS in Dresden Kreativ-Wettbewerb Bücher für den BKK Projekt: Anti-Stalking Projekt: Trashion Autostadt Partnerschule Die Module Video Berufswettbewerb 2011 Gärtner und Floristen ER! SIE! ES!...DU? Die Plakate Viktoria Schmidt Bodo Druschke Franziska Fleige Merle Bode Stefan Hering Mario Fullone Peter Michalak Anne Schultze Kristina Renk Ferry Goetze Leyla Ince Tobias Velke Nimalan Suntharalingam Patricia Browa Tobias Gueckel Anna Schinkarenko Alex Kary Die Presse Jubiläum Downloads Mediothek Mediotheksimpressionen Bibliothek Bibliotheksimpressionen Tausch-Rausch Schulverein Schülervertreter Bautechnik Druck und Medien, Zahntechnik, Naturwissenschaften Ernährung FOS und GTA Agrarwirtschaft Farbtechnik und Raumgestaltung Fachbereiche Agrarwirtschaft Bildungsgänge Agrarwirtschaft Pläne und Übersichten ATA Keimversuche Vermehrung Unkrautbestimmung Bautechnik Abschlussfeier_Bauzeichner14 Gautschbütte Dachdeckerprüfung Carport - Bau Beton-Workshop Dachdeckerprüfung Betriebspraktikum Freisprechung Dachdeckerprüfung Kompetenzfeststellungsverfahren Abschlussfeier Bauzeichner 2013 Geocaching für einen guten Zweck Preisverleihung Projekt BVJ Abschied Spanische Studenten Sportplatzunterstände Tarnow 2011 Projekt Pipenrohr Projektwoche Samtgemeinde Asse Abschlussfeier Bauzeichner 2012 Rückblick, Schulform BBT Rückblick, Berufsfachschule Zimmerer Rückblick, Partnerschule Tarnow Mädchenschulhof Schüleraustausch, Granada Handmaschinen Lernortkooperation Sportplatz Druck und Medien FOS Gestaltung/Technik Ernährung Einweihung der Bäckerei Lehrer Umbau Braunschweiger Jugendmeisterschaften Niedersächsische Jugendmeisterschaft BJM 2014 Medaillenspiegel 2014 Partnerschule La Rochelle Austausch-Archiv Besuch aus La Rochelle 2009 Besuch aus La Rochelle November 2012 Besuch in La Rochelle 2012 Besuch aus La Rochelle 2012 Fremdsprachenzertifikat Farbtechnik u. Raumgestaltung GTA Holztechnik Rundgang Schimmelhof Flur BVJ Holztechnik BEK Holztechnik Einjährige Berufsfachschule Unterstufe Fachstufe 1 Fachstufe 2 Aktivitäten Sozialtrainingsprogramm Furnierwerk Holzlagerung Staylog Entrindung Kochgrube Furnierlager Messermaschine1 Messermaschine2 Trocknung1 Trocknung2 Verpackung Naturwissenschaften Ausbildende Unternehmen Verwaltung Schulleitung Schulbüro Anmelden Berufsschule Berufsfachschule Gestaltungstechnischer Assistent (m/w) Berufseinstiegsschule Fachoberschule Ergänzungsbildungsgang FH Aufnahmeberatung Downloads Ergänzungsbildungsgang Berufsschule Berufsfachschule (BFS) Berufseinstiegsklasse (BEK) Berufsvorbereitungsjahr (BVJ) Landwirtschaftlich-technischer Assistent (LTA) Gestaltungstechnischer Assistent (GTA) Fachoberschule (FOS) Anfahrt Impressum Quick-Links Startseite Fachbereiche Bautechnik Sportplatz Neues aus der Bauabteilung: Die BFS Zimmerer hat den ersten von zwei Sportplatz-Unterständen im Auftrag von Obermeiser Schaab fertiggestellt. Das Bild zeigt die stolzen Erbauer. Vor den Sommerferien werden die Unterstände von der BFS Zimmerer an Ort und Stelle aufgestellt. Zurück zur Einstiegsseite der Fachgruppe Bautechnik Letzte Aktualisierung: 2012-03-09 Agrarwirtschaft ATA Bautechnik Abschlussfeier_Bauzeichner14 Gautschbütte Dachdeckerprüfung Carport - Bau Beton-Workshop Dachdeckerprüfung Betriebspraktikum Freisprechung Dachdeckerprüfung Kompetenzfeststellungsverfahren Abschlussfeier Bauzeichner 2013 Geocaching für einen guten Zweck Preisverleihung Projekt BVJ Abschied Spanische Studenten Sportplatzunterstände Tarnow 2011 Projekt Pipenrohr Projektwoche Samtgemeinde Asse Abschlussfeier Bauzeichner 2012 Rückblick, Schulform BBT Rückblick, Berufsfachschule Zimmerer Rückblick, Partnerschule Tarnow Mädchenschulhof Schüleraustausch, Granada Handmaschinen Lernortkooperation Sportplatz Druck und Medien FOS Gestaltung/Technik Ernährung Farbtechnik u. Raumgestaltung GTA Holztechnik Naturwissenschaften Johannes-Selenka-Schule // Berufsbildende Schulen Braunschweig Inselwall 1a // 38114 Braunschweig Telefon: (05 31) 4 70-69 00 // Telefax: (05 31) 4 70-69 69 E-Mail: johannes-selenka-schule(at)braunschweig.de © 2014 Johannes-Selenka-Schule. Alle Rechte vorbehalten. ","title":"Johannes-Selenka-Schule: Sportplatz","desc":null,"details":{"length":11709,"language":"de","date":"2014/10/31 16:18:40","type":"text/html","country":""},"crawling":{"duration":"1","date":"2014/10/31 16:18:40"},"metas":[{"name":"generator","value":"TYPO3 4.7 CMS"},{"name":"viewport","value":"width=device-width, initial-scale=1"}],"uri":{"protocol":"http","domain":"de.johannes-selenka-schule.","url":"http://johannes-selenka-schule.de/1716.html?l=qxkfrtif"}}},{"_index":"de_content_201410","_type":"resourceQ","_id":"http://gaznet.de/index.php?chash=ea6db0a11ed373284e3c72c621381b2e&id=1572&tx_ttnews%5btt_news%5d=819","_score":1.0, "_source" : {"body":"     Bamberger Themen Verkehr Kontakt Drucken Inhaltsverzeichnis Aktuell Bürgerinformationssystem Stadtratswahl 2014 Konversion GAL – Über uns Spenden Termine und Veranstaltungen Bamberger Themen Wie bitte? Klatsch & Kurioses Bauen Stadtplanung Bildung Schule Finanzen Verwaltung Kultur Soziales Verkehr Umwelt Klimaschutz Archiv der Bamberger Themen Pressemitteilungen GAL-Fotogalerie Plenum und Newsletter GAL-Programm Die Kommune - wer? wie? was? gaz - Grün-Alternative Zeitung Grüne Links Kontakt und Impressum Stichwortsuche Verkehr Neu: Radfahren in der Habergasse erlaubt 13.09.2013 Verkehr, Aktuelles, BA-Thema Auf wundersame Weise und über praxisdemokratische Umwege kam ein Vorschlag von GAL-Stadtrat Peter Gack zur blitzartigen Umsetzung. Wenn Sie mit dem Fahrrad unterwegs sind und durch die Habergasse müssen - das ist das kleine und schmale Stück Gasse, das von der Langen Straße hinunter zum Alten Kanal führt, bei der Weinstube Rückel - steigen Sie dann immer ab? Sicher nicht, oder? Denn es ist zwar eng und durchbrausen kann man in keinem Fall, aber beim Fahrradschieben entsteht ja auch nicht gerade mehr Platz, und so radeln die meisten langsam durch diese kurze Engstelle. Aber - sie verstoßen damit offiziell gegen die Verkehrsregeln, jedenfalls taten sie das bis vor kurzem. Ein anwohnender Bürger fand diese Verkehrsregelung nicht sonderlich überzeugend und hat sich damit an GAL-Stadtrat Peter Gack gewendet, der sich der Meinung - auch aus eigener Radl-Praxis - ohne Weiteres anschließen konnte. Er mailte ans Straßenverkehrsaufsichtsamt und regte an, das Radfahren im Schrittempo zu erlauben. Von dort kam dann erst einmal eine tendenziell zurückweisende Antwort: \"Der Vorschlag wurde vor Jahren bereits schon mal abgelehnt, da eine zu hohe Gefährdung des Fußgängerverkehrs befürchtet wurde. Ferner würden Radfahrer/Innen zu schnell an den Hauseingängen vorbeifahren.\" Der zuständige Beamte sagte aber dennoch zu, ein Anhörungsverfahren zu dem Vorschlag bei Polizei, Stadtplanungsamt und Entsorgungs- und Baubetrieb einzuleiten. \"Okay, das dauert dann erst mal\", dachte sich da GAL-Stadtrat Gack und setzte sich auf seinen Drahtesel, um sich radelnd in Geduld zu üben. Doch als er zwei Tage später zufällig wieder durch die Habergasse radelte, staunte er nicht schlecht. Die Beschilderung war bereits ausgetauscht worden: Radfahren ist jetzt in der Habergasse erlaubt! Waren da Heinzelmännchen am Werk, ein fahrradpolitisch engagierter Deus ex machina oder gar rätselhafter Voodoo-Zauber? Nein, das Straßenverkehrsaufsichtsamt hat aller Wahrscheinlichkeit nach Turbo-Antrieb von „ganz oben“ erhalten. Besagter Bürger teilte seine Anregung nämlich nicht nur GAL-Stadtrat Peter Gack mit, sondern auch dem Vorsitzenden der SPD-Stadtratsfraktion Wolfgang Metzner und dem Oberbürgermeister höchstpersönlich - und zwar samt dem Hinweis, dass von der GAL dazu ein Antrag geplant sei. Und die Kombination war offensichtlich unschlagbar. Also nur mal so als Tipp an die Bürgerschaft.... Manchmal sind Gottes Wege ja verschlungen, und vermutlich nicht nur sein Fahrradwege. sys   Zur Übersicht: Verkehr Kommentare zu diesem Artikel Meinungen zu dieser Webseite lesen und kundtun. Hier den eigenen Kommentar eingeben Bitte alle Felder ausfüllen. Die E-Mail-Adresse wird nicht veröffentlicht. * Ihr Name * E-Mail-Adresse ###REQUIRED_URL### * Der eigene Kommentar Enter the code: Zur Spamvermeidung bitte das Wort aus dem Feld oben in das Feld unten eingeben. Wenn das Wort nicht lesbar ist, bitte hier klicken. * ","title":"GAL Bamberg: Neu: Radfahren in der Habergasse erlaubt","desc":"GAL,Bamberg,Kreisverband, DIE GRÜNEN,Stadtrat,Fraktion","details":{"length":3528,"language":"de","date":"2014/10/31 16:18:37","type":"application/xhtml+xml","country":""},"crawling":{"duration":"1","date":"2014/10/31 16:18:37"},"metas":[{"name":"generator","value":"TYPO3 4.6 CMS"},{"name":"description","value":"GAL,Bamberg,Kreisverband, DIE GRÜNEN,Stadtrat,Fraktion"},{"name":"keywords","value":"GAL,Bamberg,Kreisverband, DIE GRÜNEN,Stadtrat,Fraktion"},{"name":"content-language","value":"DE"},{"name":"robots","value":"INDEX,FOLLOW"}],"uri":{"protocol":"http","domain":"de.gaznet.","url":"http://gaznet.de/index.php?chash=ea6db0a11ed373284e3c72c621381b2e&id=1572&tx_ttnews%5btt_news%5d=819"}}},{"_index":"de_content_201410","_type":"resourceQ","_id":"http://rasenschaf.de/tag/ac/husqvarna-automower-gps-empfaenger.html?sid=bu20mqccvl329m6fsdkonfnbv5","_score":1.0, "_source" : {"body":" Deutsch Deutsch Deutsch EUR EUR EUR GBP CHF USD Konto Konto Mein Konto Mein Artikelvergleich Mein Merkzettel Mein Wunschzettel Meine Lieblingslisten Sie haben Ihr Passwort vergessen? Kein Problem, hier können Sie ein neues Passwort einrichten. Ihre E-Mail-Adresse: Bitte Wert angeben! Bitte geben Sie eine gültige E-Mail-Adresse ein Passwort anfordern Nachdem Sie den 'Passwort anfordern'-Knopf angeklickt haben, schicken wir Ihnen eine E-Mail zu, mit der Sie Ihr Passwort ändern können. Sollten Sie innerhalb der nächsten Minuten KEINE E-Mail mit Ihren Zugangsdaten erhalten, so überprüfen Sie bitte: Haben Sie sich in unserem Shop bereits registriert? Wenn nicht, so tun Sie dies bitte einmalig im Rahmen des Bestellprozesses. Sie können dann selbst ein Passwort festlegen. Sobald Sie registriert sind, können Sie sich in Zukunft mit Ihrer E-Mail-Adresse und Ihrem Passwort einloggen. Wenn Sie sich sicher sind, dass Sie sich in unserem Shop bereits registriert haben, dann überprüfen Sie bitte, ob Sie sich bei der Eingabe Ihrer E-Mail-Adresse evtl. vertippt haben. Sollten Sie trotz korrekter E-Mail-Adresse und bereits bestehender Registrierung weiterhin Probleme mit dem Login haben und auch keine \"Passwort vergessen\"-E-Mail erhalten, so wenden Sie sich bitte per E-Mail an: demo@oxid-esales.com Login Login ? Passwort merken Login Login mit: Registrieren Startseite Automower (9) Automower Zubehör (8) Trimmer (3) Kettensägen (1) Mehr Service (4) Rasenschaf Fanartikel (1) Sie sind hier: / Tags / Ac Tags / Ac Artikel zurück ARTIKEL 2 VON 15 nächster Artikel Zoom Husqvarna Automower® GPS Empfänger vergleichen empfehlen Für die Lieblingsliste bitte einloggen. Für Merkzettel bitte einloggen. Für Wunschzettel bitte einloggen. ArtNr.: 000575242402 Keine Bewertungen Husqvarna GPS Modul Statt 379,00 € 299,00 € * in den Warenkorb 299,00 €/Stück Lieferzeit 1-2 Wochen Beschreibung Tags GPS Diebstahlverfolgung und SMS Funktion. Ferner können Einstellungen am Gerät verändert und der gegenwärtige Betriebszustand kann abgefragt werden. Husqvarna GPS Modul ist passend für Husqvarna Automower® 220 AC, Solar Hybrid, 230 ACX, 260 ACX (07-10) werden verändert solar sms passend modul können hybrid husqvarna gps gerät gegenwärtige funktion ferner einstellungen diebstahlverfolgung betriebszustand automower® acx ac abgefragt 07-10 Facebook Kommentare Facebook Invite Facebook Live Stream Kunden, die diesen Artikel gekauft haben, kauften auch: HUSQVARNA AUTOMOWER® 220 AC UVP 2.199,00 € 1.899,00 € * 1 Stück | 1.899,00 €/Stück In den warenkorb Husqvarna Automower® Begrenzungskabel UVP 89,90 € 79,00 € * 1 Stück | 79,00 €/Stück In den warenkorb Husqvarna Automower® Kunststoff-Haken UVP 14,49 € 13,90 € * 1 Stück | 13,90 €/Stück In den warenkorb Einen Kommentar schreiben Sie müssen angemeldet sein, um einen Kommentar schreiben zu können. Es liegen keine Kommentare zu diesem Artikel vor. Newsletter Abonnieren * Alle Preise inkl. MwSt., zzgl. Versandkosten. SERVICE Kontakt Hilfe Links Gästebuch Warenkorb Konto Merkzettel Mein Wunschzettel Öffentlicher Wunschzettel INFORMATIONEN Impressum AGB Datenschutz Versand und Kosten Widerrufsrecht Wie bestellen? Newsletter MARKE Frau Zibbe & Herr Bock Husqvarna Rasenschaf KATEGORIEN Automower (9) Automower Zubehör (8) Trimmer (3) Kettensägen (1) Service (4) Rasenschaf Fanartikel (1) rasenschaf.de | das wahre Mähvergnügen - Alles rund um das Thema Rasen und Rasenpflege Umfangreiches Produktsortiment und blitzschneller Versand! *: inkl. MwSt., zzgl. Versandkosten. Produktbilder ","title":"Mähen & Co. zu Schnäppchenpreisen kaufen | Husqvarna Automower® GPS Empfänger | online kaufen","desc":"Husqvarna Automower® GPS Empfänger - GPS Diebstahlverfolgung und SMS Funktion. Ferner können Einstellungen am Gerät verändert und der gegenwärtige Betriebszustand kann abgefragt werden. Husqvarna GPS","details":{"length":3532,"language":"de","date":"2014/10/31 16:18:38","type":"text/html","country":""},"crawling":{"duration":"1","date":"2014/10/31 16:18:38"},"metas":[{"name":"description","value":"Husqvarna Automower® GPS Empfänger - GPS Diebstahlverfolgung und SMS Funktion. Ferner können Einstellungen am Gerät verändert und der gegenwärtige Betriebszustand kann abgefragt werden. Husqvarna GPS"},{"name":"keywords","value":"husqvarna, automower®, gps, empfänger"}],"uri":{"protocol":"http","domain":"de.rasenschaf.","url":"http://rasenschaf.de/tag/ac/husqvarna-automower-gps-empfaenger.html?sid=bu20mqccvl329m6fsdkonfnbv5"}}},{"_index":"de_content_201410","_type":"resourceQ","_id":"http://magdemo.web-vision.de/men/new-arrivals.html?apparel_type=211&fit=49&gender=93&size=78","_score":1.0, "_source" : {"body":" This is a demo store. Any orders placed through this store will not be honored or fulfilled. Your Language: English French German Welcome Menu Search Account Cart 0 Recently added item(s) × You have no items in your shopping cart. Women View All Women New Arrivals Tops & Blouses Pants & Denim Dresses & Skirts Men View All Men New Arrivals Shirts Tees, Knits and Polos Pants & Denim Blazers Accessories View All Accessories Eyewear Jewelry Shoes Bags & Luggage Home & Decor View All Home & Decor Books & Music Bed & Bath Electronics Decorative Accents Sale View All Sale Women Men Accessories Home & Decor VIP Search: Search My Account My Wishlist My Cart Checkout Register Log In Home / Men / New Arrivals Shop By Currently Shopping by: Remove This Item Type: Blazers Remove This Item Fit: Sharp Remove This Item Size: L Remove This Item Gender: Male Clear All Filter Price $450.00 and above (1) Color White (1) Occasion Casual (1) Sleeve Length Long Sleeve (1) New Arrivals View as Grid List Sort By Position Name Price Set Descending Direction 1 Item(s) Show 12 24 36 Linen Blazer $455.00 1 Review(s) View Details Add to Wishlist | Add to Compare View as Grid List Sort By Position Name Price Set Descending Direction 1 Item(s) Show 12 24 36 × Price: Actual Price: Add to Cart Our price is lower than the manufacturer's \"minimum advertised price.\" As a result, we cannot show you the price in catalog or the product page. You have no obligation to purchase the product once you know the price. You can simply remove the item from your cart. Our price is lower than the manufacturer's \"minimum advertised price.\" As a result, we cannot show you the price in catalog or the product page. You have no obligation to purchase the product once you know the price. You can simply remove the item from your cart. Compare Products You have no items to compare. Newsletter Sign Up for Our Newsletter: Subscribe Company About Us Contact Us Customer Service Privacy Policy Quick Links Site Map Search Terms Advanced Search Account My Account Orders and Returns Connect With Us Facebook Twitter YouTube Pinterest RSS © 2014 Madison Island. All Rights Reserved. ","title":"New Arrivals - Men","desc":"Default Description","details":{"length":2153,"language":"en","date":"2014/10/31 16:18:40","type":"text/html","country":""},"crawling":{"duration":"1","date":"2014/10/31 16:18:40"},"metas":[{"name":"description","value":"Default Description"},{"name":"keywords","value":"Magento, Varien, E-commerce"},{"name":"robots","value":"INDEX,FOLLOW"},{"name":"viewport","value":"initial-scale=1.0, width=device-width"}],"uri":{"protocol":"http","domain":"de.web-vision.magdemo.","url":"http://magdemo.web-vision.de/men/new-arrivals.html?apparel_type=211&fit=49&gender=93&size=78"}}},{"_index":"de_content_201410","_type":"resourceQ","_id":"http://erotik.kapado.de/produkt/latex-herren-weste-xl/4024144182756","_score":1.0, "_source" : {"body":" Facebook Fan werden RSS Meine Merkliste: 0 / 8 anzeigen Beauty & Parfum Baby & Spielwaren Apotheke & Gesundheit Erotik Toggle navigation Bücher & Magazine Erotische Geschichten Foto-Magazine Hörbücher Kalender Kontakt-Magazine Romane Sachbücher Sonstiges Drogerie & Kosmetik Badezusätze Cremes & Lotionen Cremes & Salben Enthaarung Gele & Öle Gleitgel Anal Flutschi Oral Sonstiges Vaginal Kapseln & Tabletten Kondome Ausdauer & Potenz Bunt & Aromatisiert Das Besondere Das Klassische Extra Gefühlsecht Extra Stark & Anal Genoppt & Gerippt Kondom-mix Latexfrei Sonstiges Vorratspakete Xxs & Xxl Kondome Körperfarben & Bodypainting Massageöl & Cremes Parfum & Lockstoffe Sonstiges Sprays Tampons Tropfen & Tränke DVDs Better-sex-line Bizarr & Fetisch Erotikstars Erotische Spielfilme Filmpakete Foto-Dvds Girls & Paare Große Brüste Mangas & Anime Männer Private Aufnahmen Ratgeber & Education Russ Meyer Sonstiges Fetisch Lack Accessoires Bettwäsche Sonstiges Latex Accessoires Catsuits & Hosen Corsagen & Bodies Fesseln & Knebel Kleider & Röcke Masken Oberteile Peitschen Saunasäcke & Fruchtblasen Slips & Sets Strapse & Strümpfe Leder Accessoires Bodies & Harnesse Fesseln & Knebel Kleider & Röcke Masken & Kopfgeschirr Peitschen & Paddel Slips & Sets Masken & Kopfgeschirr Pflegemittel Sonstiges Windelslips Zubehör Lovetoys Abdrucksets Anal-Spielzeug Dildos & Stäbe Ketten Plugs Prostatamassage Sonstiges Vibratoren Batterien Bondage & Fesseln Fesseln & Knebel Gerten & Peitschen Handschellen Sets Sonstiges Zaumzeug & Gurte Dildos Crystal-dildos Doppeldildos Extra Groß Glas- & Keramik-dildos Jelly-dildos Naturdildos Silikon-dildos Sonstiges Fifty Shades Of Grey Fun Factory Go Soft Ketten & Klemmen Klistiere & Duschen Klitoris-stimulation Liebeskugeln Liebespuppen Lovetoy-sets Masturbatoren Mit Vibration Ohne Vibration Sonstiges Penishüllen Penismanschetten Sleeves Penispumpen Penisringe Peniszaumzeug Pflegemittel & Desinfektion Potenzsteigerung Reizstrom & Elektro Saugschalen & Nippelsauger Sexmöbel Sonstiges Sonstiges Spielzeug Strap On Vibratoren Auflegevibratoren Doppel-vibratoren Extra Groß G-punkt Jelly-vibratoren Latexvibratoren Minivibratoren Mit Klitorisreizer Naturvibratoren Noppen- Und Rillenvibratoren Perlenvibratoren Schlicht & Schön Silikon-vibratoren Sonstiges Vibro Eier Vorspiel Extras Waver Mode Für Ihn Bodies & Overalls Gag-artikel Hosen & Radler Lack Oberteile Slips & Co. Latex Overalls & Oberteile Slips & Co. Sonstiges Leder Bodys & Harnesse Slips & Co. Pants & Boxer Röcke & Strumpfhosen Shirts & Oberteile Slips & Strings Sonstiges Mode Für Sie Accessoires Bademode & Bikinis Bhs & Bh-sets Bodies & Torseletts Catsuits & Overalls Corsagen & Korsetts Große Größen High-heels & Stiefel Hosen & Pants Jäckchen & Kimonos Kleider & Röcke Kostüme Lack Corsagen & Bodies Kleider & Röcke Sets & Oberteile Slips & Hosen Sonstiges Latex Catsuits & Hosen Corsagen & Bodies Kleider & Röcke Oberteile Slips & Sets Strapse & Strümpfe Leder Bodies & Harnesse Oberteile & Corsagen Slips & Sets Sonstiges Negligés & Babydolls Party- & Minikleider Perücken Schmuck Shirts & Oberteile Slips & Strings Sonstiges Straps-sets Strümpfe & Nylons Halterlose Strümpfe Sonstiges Straps-Strümpfe Strumpfbänder Strumpfhosen. Party & Spiele Alles Für Die Party Computerspiele Dekoration & Figuren Erotische Spiele Essbares Gutscheine & Karten Kerzen Sonstiges Spaßartikel Trinkbares Vorspiel Sonstiges Durchsuche jetzt mehr als 19.326 Artikel aus dem Bereich Erotik Erotik Beauty & Parfum Baby & Spielwaren Apotheke & Gesundheit Erotik Suchen Homepage Fetisch Latex Oberteile Latex Herren Weste XL Latex Herren Weste XL Orion 119,00 EUR* Redstore 119,00 EUR* Latex Herren Weste XL 0 von 1 5 Sterne bei 0 Bewertung Produkt Latex Herren Weste XL Marke LateX Preis 119,00 EUR* Versand 3,95 EUR* zum Shop Dieses Produkt wird angeboten von Beschreibung Sollte in keinem Kleider­schrank von Latex-Liebhabern fehlen! Schlicht gerade geschnittene Weste ohne Arm ? Posing für den Bizeps! Durchgehender Reißverschluss und Brusttasche. Schwarz. 100% Latex, hergestellt unter der Verwendung von Naturkautschuklatex, der Allergien verursachen kann. Produkt Latex Herren Weste XL Marke LateX Preis 119,00 EUR* Versand 0,00 EUR* zum Shop Dieses Produkt wird angeboten von Beschreibung Latex-Weste Größe XL Produkt merken Weitere Produkte aus der Kategorie Oberteile Latex Top M ab 149,00 EUR* Jetzt ansehen weitere Optionen Merken Latex Top L ab 149,00 EUR* Jetzt ansehen weitere Optionen Merken Latex Top XL ab 149,00 EUR* Jetzt ansehen weitere Optionen Merken Latex Top 2XL ab 149,00 EUR* Jetzt ansehen weitere Optionen Merken Latex Herren Weste S ab 119,00 EUR* Jetzt ansehen weitere Optionen Merken Latex Herren Weste M ab 119,00 EUR* Jetzt ansehen weitere Optionen Merken Latex Herren Weste L ab 119,00 EUR* Jetzt ansehen weitere Optionen Merken Latex Herren Weste XL ab 119,00 EUR* Jetzt ansehen weitere Optionen Merken alle Produkte anzeigen * Alle Angaben ohne Gewähr | kapado.de kann leider keinerlei Haftung für die Richtigkeit und/oder Vollständigkeit der einzelnen Angaben und den angezeigten Preisen und Versandkosten übernehmen. Alle Preise inkl. MwSt. und zzgl.Versandkosten. Die Preise und Versandkosten können sich seit der letzten Aktualisierung geändert haben. Die Preise werden alle 24 Std. aktualisiert. Alle innerhalb dieser Website gezeigten Produktbilder und genannten Marken- und Warenzeichen unterliegen uneingeschränkt den Bestimmungen des jeweils gültigen Kennzeichnungsrechtes und gegebenenfalls den Besitzrechten der jeweiligen eingetragenen Eigentümers. kapado.de ist ein Service von 3W Xpert Copyright © 2014 3W Xpert. Alle Rechte vorbehalten. | Impressum ","title":"Latex Herren Weste XL -  | kapado.de","desc":"Latex Herren Weste XL für nur 119,00 EUR | Sollte in keinem Kleider­schrank von Latex-Liebhabern fehlen! Schlicht gerade geschnittene Weste ohne Arm ? Posing","details":{"length":5686,"language":"de","date":"2014/10/31 16:18:40","type":"text/html","country":""},"crawling":{"duration":"1","date":"2014/10/31 16:18:40"},"metas":[{"name":"description","value":"Latex Herren Weste XL für nur 119,00 EUR | Sollte in keinem Kleider­schrank von Latex-Liebhabern fehlen! Schlicht gerade geschnittene Weste ohne Arm ? Posing "},{"name":"robots","value":"index,follow"},{"name":"viewport","value":"width=device-width, initial-scale=1.0"}],"uri":{"protocol":"http","domain":"de.kapado.erotik.","url":"http://erotik.kapado.de/produkt/latex-herren-weste-xl/4024144182756"}}},{"_index":"de_content_201410","_type":"resourceQ","_id":"http://xn--zahnlabor-mnchen-tzb.de/index.php?article_id=65_5_93","_score":1.0, "_source" : {"body":"   Impressum | Kontakt | Anfahrt Parodontologie Home Praxis Team Philosophie Behandlungsspektrum Ästhetik Prophylaxe Kinderbehandlung Parodontologie Füllungstherapie/Inlays Endodontie Prothetik Anfahrt Kontakt Stellenangebote Impressum Spiel & Spaß Links Online-Rechner Checklisten & Downloads Angst Zahnarzt München Sendling Zahnersatz München Sendling Zähne bleichen München kosten Zahnarzt für Zahnersatz für Angstpatienten in München Sendling Bleaching / Zahnaufhellung beim Zahnarzt in München - Dr. Leitl   Unter Parodontologie versteht man die Erkennung und Behandlung von Zahnfleisch- und Zahnbetterkrankungen, die der Erhaltung des Zahnhalteapparates und der Zähne dient. Wir bieten Ihnen einen individuellen Vorsorge- und Therapieplan. Parodontitis ist eine sehr schwere Form der Zahnfleischentzündung. Gründe können eine fehlende oder falsche Mundhygiene sein, Rauchen, Diabetes, Medikamente oder eine genetische Disposition. Parodontitis entsteht, wenn sich im Übergangsbereich zwischen Zahn und Zahnfleisch Beläge bilden, die schädliche Bakterien beherbergen. Diese rufen zunächst eine einfache Entzündung hervor – die mittels professioneller Zahnreinigung behandelt werden kann – und unbehandelt später die gefährliche Parodontitis. Eine Parodontitis verursacht zunächst wenige Schmerzen. Wenn der Patient unter Schmerzen leidet, ist die Erkrankung bereits weit fortgeschritten. Sie kann dann diverse gesundheitliche Beeinträchtigungen verursachen und im schlimmsten Fall dazu führen, dass ein Zahn oder gar mehrere Zähne verloren gehen. Moderne Untersuchungsmethoden ermöglichen heute, verschiedene Formen der Parodontitis zu unterscheiden und gezielt zu behandeln. Please Upgrade Your Flash Player News & Aktuelles Weisheitszähne ziehen oder operieren? 20% Rabatt - Beauty Winterangebote aus der Praxis Dr. Leitl Zahntechnik Seide, Dusche, Holz und Bürste Zahnseide, Bürstchen und Mundduschen Die Zahnbürste ist nicht alles Professionelle Zahnreinigung Zahnersatz bei Kindern TV im Wartezimmer - jetzt auch in unserer Praxis! Tag der Zahngesundheit 2012 Edel Weiß Bleaching Hormone und Zähne Von Zahnbrechern und Goldarbeitern Keramik in aller Munde Mein Zahn ist krank - ich auch Von Nuckelflaschenkaries zerstörte Milchzähne müssen behandelt werden. BriteSmile, das professionelle Bleaching - jetzt ab sofort auch in der Zahnarztpraxis Dr. Leitl! Neue Auszubildende - Ernada Avdibegovic Zahnarzt Dr. Leitl - Jetzt auf Facebook! Vor dem Urlaub ab zum Zahnarzt Saubere Zähne - was der Profi besser kann 32 Wunderwerke der Natur Das Gebiss wieder gerade rücken - denn schiefe Zähne machen krank! Zähneknirschend durch die Nacht Zahnersatz (Füllungen, Kronen oder Prothesen) mit Garantie Piercings schaden Zähnen Impressum | AGB | Datenschutzerklärung | Behandlungsspektrum | Anfahrtsplan | Über Dr. Leitl | Kontakt | Sitemap © Praxis Dr. Leitl München 2008 – Alle Rechte vorbehalten. Zahnarztpraxis Dr. Karl-Heinz Leitl - Albert-Roßhaupter-Str. 25 - 81369 München - Tel. : 089 / 743466-0 - Fax : 089 / 743466-66 ","title":"Zahnsteinentfernung Zahnarzt München Sendling In München Sendling","desc":"Zahnsteinentfernung Zahnarzt München Sendling In München Sendling, Zahnfarbene Füllungen, Zahnsteinentfernung Zahnarzt München Sendling In München Sendling","details":{"length":3027,"language":"de","date":"2014/10/31 16:18:40","type":"application/xhtml+xml","country":""},"crawling":{"duration":"1","date":"2014/10/31 16:18:40"},"metas":[{"name":"keywords","value":""},{"name":"description","value":"Zahnsteinentfernung Zahnarzt München Sendling In München Sendling, Zahnfarbene Füllungen, Zahnsteinentfernung Zahnarzt München Sendling In München Sendling"}],"uri":{"protocol":"http","domain":"de.xn--zahnlabor-mnchen-tzb.","url":"http://xn--zahnlabor-mnchen-tzb.de/index.php?article_id=65_5_93"}}},{"_index":"de_content_201410","_type":"resourceQ","_id":"http://wiuma.de/viewonline.php?sid=87a73d8c3cc598622d707060966794d6","_score":1.0, "_source" : {"body":" Zum Inhalt Erweiterte Suche Anmelden - Portal Forum Mitglieder Registrieren FAQ Portal • Forum Ändere Schriftgröße Es sind 2 Mitglieder und 0 unsichtbare Mitglieder online Es sind 4 Gäste online • Gäste anzeigen Seite 1 von 1 Benutzername Aktuelle Tätigkeit Letzte Aktualisierung Wicked Mi 9. Jul 2014, 06:21 Marc3l Mi 9. Jul 2014, 06:21 Legende: Administratoren, BC2, Globale Moderatoren, Gäste, [WFC] Seite 1 von 1 Gehe zu: Wähle ein Forum aus ------------------ Allgemein    Ankündigungen    Teamspeak 3 Öffentlich    Hardware    Andere Games Battlefield    Server    Bad Company 2    Battelfield 3    Battlefield 4 Call of Duty    Modern Warfare 1    Modern Warfare 2    Modern Warfare 3    Black ops    Black ops II    Ghosts Medal of Honor    Medal of Honor    Medal of Honor Warfighter Brink    Brink Xbox    Trailer Offtopic    Sag Hallo    News    Gästebereich Switch to mobile style Portal • Forum Das Team • Alle Cookies des Boards löschen • Alle Zeiten sind UTC [ Sommerzeit ] Powered by phpBB® Forum Software © phpBB Group Black Smoke Style by Frost © 2008 White Fusion Skins for Free Forums/ DivisionCore Wide version updates by Michaelo Ported to Kiss Portal by Prosk8er © Portal: Kiss Portal Engine © 2011 Michael O'Toole Deutsche Übersetzung durch phpBB.de Impressum ","title":" • Wer ist online?","desc":null,"details":{"length":1285,"language":"de","date":"2014/10/31 16:18:37","type":"application/xhtml+xml","country":""},"crawling":{"duration":"1","date":"2014/10/31 16:18:37"},"metas":[{"name":"resource-type","value":"document"},{"name":"distribution","value":"global"},{"name":"keywords","value":""},{"name":"description","value":""}],"uri":{"protocol":"http","domain":"de.wiuma.","url":"http://wiuma.de/viewonline.php?sid=87a73d8c3cc598622d707060966794d6"}}},{"_index":"de_content_201410","_type":"resourceQ","_id":"http://rwth-aachen-shop.de/buero/rwth-schreibblock-din-a4.html?force_sid=37d733b6d9688f4ab97226a65f66496a","_score":1.0, "_source" : {"body":" Suche Bekleidung RWTH Baby Body nur 15,00 €* Premium Hood... nur 44,90 €* Premium Hood... nur 44,90 €* Basic Hooded... nur 35,50 €* Premium T-Sh... nur 16,90 €* Basic Polo S... nur 22,50 €* Printen Umverpackung... nur 1,80 €* Traditionsmi... nur 4,75 €* Kräuter-Dess... nur 3,75 €* RWTH-Printen... nur 12,50 €* Accessoires RWTH-UHR mit... nur 19,90 €* RWTH Stocksc... nur 7,50 €* USB-Key nur 13,00 €* Baumwolltasc... nur 1,35 €* RWTH Ansteck... nur 3,00 €* RWTH Klappkarte nur 1,50 €* Büro Notizbuch nur 5,50 €* Grafitstift nur 0,65 €* RWTH Kugelsc... nur 0,75 €* RWTH College... nur 1,00 €* RWTH Schreib... nur 0,60 €* RWTH Schreib... nur 1,00 €* Geschirr Basic-Kaffee... nur 4,95 €* Premium-Kaff... nur 6,95 €* Gutscheine RWTH-Gutsche... nur 10,00 €* RWTH-Gutsche... nur 20,00 €* RWTH-Gutsche... nur 5,00 €* RWTH-Gutsche... nur 100,00 €* RWTH-Gutsche... nur 50,00 €* Sale Warenkorb Warenwert: 0,00 € Warenkorb zeigen Benutzerkonto E-Mail: Passwort: > Passwort vergessen > Konto eröffnen Sicher Einkaufen Für Ihre Sicherheit werden persönliche Daten nur SSL-verschlüsselt übertragen. Bequem und sicher zahlen mit: Bestellung intern > Zugang für interne Besteller Gewählte Menge nicht verfügbar Aufgrund eines geringen Lagerbestands kann Ihre Bestellung nicht ausgeführt werde. Bitte wenden Sie sich an: Herrn Lehmann oder Frau Klinkenberg Zurück zur Übersicht | nächster Artikel ARTIKEL 6 / 17 Artikel zurück | RWTH Schreibblock DIN A4 Zoom Logo-Druck RWTH Aachen University blau 80 g / unliniert weiß 20 Blatt 1,00 €* inkl. MwSt.,zzgl. Versandkosten Menge Produktbilder 1 2 3 * inkl. MwSt., zzgl. Versandkosten Home · Kontakt · Impressum · AGB · Widerrufsbelehrung · Kundeninformationen Widerrufsformular ©2013, RWTH AACHEN · INTERNETAGENTUR: NEXUS Netsoft GmbH ","title":"RWTH AACHEN SHOP | RWTH Schreibblock DIN A4 ","desc":"RWTH Schreibblock DIN A4 - Logo-Druck RWTH Aachen University blau 80 g / unliniert weiß 20 Blatt","details":{"length":1765,"language":"de","date":"2014/10/31 16:18:37","type":"text/html","country":""},"crawling":{"duration":"1","date":"2014/10/31 16:18:37"},"metas":[{"name":"description","value":"RWTH Schreibblock DIN A4 - Logo-Druck RWTH Aachen University blau 80 g / unliniert weiß 20 Blatt"},{"name":"keywords","value":"rwth, schreibblock, din, a4, büro"}],"uri":{"protocol":"http","domain":"de.rwth-aachen-shop.","url":"http://rwth-aachen-shop.de/buero/rwth-schreibblock-din-a4.html?force_sid=37d733b6d9688f4ab97226a65f66496a"}}},{"_index":"de_content_201410","_type":"resourceQ","_id":"http://kraeuter-und-duftpflanzen.de/pflanzen-und-saatgut/babantsi-bruchkraut/balsamita?p=1&s=8","_score":1.0, "_source" : {"body":" Rühlemann's Kräuter und Duftpflanzen Mein Konto Merkzettel Service/Hilfe Das sind wir Newsletter Kontakt Versandkosten AGB Hauptdomain Deutsch Hauptdomain Deutsch Englischer Shop   Warenkorb Warenkorb 0,00 €* Positionen anzeigen     Pflanzen & Saatgut Abelie-Augentrost Babantsi-Bruchkraut Canna-Cystus Davana-Duftwicke Echinacea-Eukalyptus FangFeng-Forsythie Gagelstrauch-Guduchi Haarstrang-Hundszunge Iboza-Indigo Jaborosa-Jojoba Kalmegh-Küchenschelle Labkraut-Lungenkraut Maca-Myrte Nachtkerze-Noni Ochsenzunge-Otterbossie Papaya-Prachtscharte Queller-Qin Jiao Rapunzel-Ruhmesblume Salbei-Süßholz Tagetes-Tuberose Udo-Vernonia Waldrebe-Wolfstrapp Xi Xian Cao-Yucca Zatar-Zuckerwurzel Würzkräuter Andere Würzkräuter Agastache Amarant Ampfer Basilikum Beifuß, Moxa Bergminze Bohnenkraut Borretsch Chili Currystrauch Dill Eiskraut Elsholtzia Estragon Fenchel Gräser Ingwergewächse Koriander Kresse Kümmel Lauch Liebstöckel Majoran Meerrettich Melisse Minze, Minzestrauch Myrte Oregano Parakresse Perilla, Shiso Petersilie Pfeffergewächse Portulak Rosmarin Rauke, Rucola Salbei, Salbeistrauch Sellerie Senf, Blattsenf Stevia Tagetes, Gewürz- Thymian Verbene, Eisenkraut Waldmeister Weinraute Ysop Zatar, Za'atar Heilkräuter Andere Heilkräuter Alant Aloe Baldrian Comfrey, Beinwell Cystus, Cistrose Echinacea Ehrenpreis Eisenkraut Ephedra Eukalyptus Farnkräuter Fingerhut Flachs, Lein Gamander Ginseng Goji-Beere Helmkraut Herzgespann Hopfen Jiaogulan Johanniskraut Justicia Kalmus Kamille Katzenminze Kratom Maca Malve Mohn Monarda, Goldmelisse Mutterkraut Mönchspfeffer Nachtschatten Odermennig Seidenpflanze Senna Stechapfel Süßholz Tabak Trichterwinde Wasserdost Wegerich Wermut Yamswurzel Duftpflanzen Andere Duftpflanzen Ambrosia Balsamita Balsampappel Citrus Duftgeranie Duft-Nemesie Eberraute Fleischbeere Flieder Gaudich Geißblatt Ginster Goldlack Heliotrop Jasmin Lavendel Levkoje Nachtkerze Nachtviole Nelke Patchouli Pfeifenstrauch Rose Schneeballstrauch Veilchen Wunderblume Zypressenkraut Nach Verwendung Anti-Aging-Kräuter Aphrodisische Kräuter Bienen- und Hummelpflanzen Blumengestecke Duftpflanzen Essbare Pflanzen Färbepflanzen Hängeampeln Heckenpflanzen Heilkräuter Katzenkräuter Kräuter für's Fensterbrett Kräuter für Green Smoothies Kräuter für die Schönheit Kräuter für Kinder Kräuter für Balkon u. Terrasse Kräuter zur Schädlingsabwehr kriechende Kräuter Magische Kräuter Mediterranes Beet Mini-Kräuter Pflanzen für die Kräuterspirale Pflanzen für den Wintergarten Räucherkräuter Schlingpflanzen Stauden Strandkräuter Teekräuter Traumkräuter Wasserpflanzen Würzkräuter Sortimente Sortimente Greenpäcks Neu 2014 Neue Sorten 2014 Shop-Extras 2014   Rühlemann's Kräuter und Duftpflanzen / Pflanzen & Saatgut / Babantsi-Bruchkraut / Balsamita Pflanzen & Saatgut Abelie-Augentrost Babantsi-Bruchkraut B-Einzelsorten Baldrian Balsamita Balsamstrauch Basilikum Basilikum, Thai- Beifuß Bergminze Bilsenkraut Bohnenkraut Borretsch Brennessel Canna-Cystus Davana-Duftwicke Echinacea-Eukalyptus FangFeng-Forsythie Gagelstrauch-Guduchi Haarstrang-Hundszunge Iboza-Indigo Jaborosa-Jojoba Kalmegh-Küchenschelle Labkraut-Lungenkraut Maca-Myrte Nachtkerze-Noni Ochsenzunge-Otterbossie Papaya-Prachtscharte Queller-Qin Jiao Rapunzel-Ruhmesblume Salbei-Süßholz Tagetes-Tuberose Udo-Vernonia Waldrebe-Wolfstrapp Xi Xian Cao-Yucca Zatar-Zuckerwurzel Filtern nach: ARTIKELART Pflanzen (2) Saatgut (1) Alle Anzeigen     Sortierung: Beliebtheit Erscheinungsdatum Niedrigster Preis Höchster Preis Artikelbezeichnung Artikel pro Seite: 24 36 48 96 Anzeige wählen:       Gewählte Artikelart: Pflanzen Alle Artikelarten anzeigen     lieferbar Star Rating   Marienblatt (Pflanze) Tanacetum balsamita var. balsamita (Balsamita major) Minzeduftende Heilstaude aus dem Klostergarten  Artikel-Nr.: BAL01 3,25 € * Details Bestellen lieferbar Star Rating   Kampferkraut (Pflanze) Tanacetum balsamita var. camphoratum (Balsamita vulgaris) Das kampferduftende Gänseblümchen  Artikel-Nr.: BAL02 3,90 € * Details Bestellen Sortierung: Beliebtheit Erscheinungsdatum Niedrigster Preis Höchster Preis Artikelbezeichnung Artikel pro Seite: 24 36 48 96 Anzeige wählen:         10% Rabatt für Selbstabholer Anfahrt Blog Das sind wir Anfahrt Kräutertag 2014 Lieferzeiten Stellenangebote für 2014 Zahlungsarten Hilfe Kontakt Videos * Alle Preise inkl. Mwst. zzgl. Versandkosten Wichtige Infos (1) Wichtige Termine, besondere Angebote und vieles mehr per Newsletter in unregelmäßigen Abständen (Abmeldung jederzeit möglich) Newsletter Copyright Datenschutz Widerrufsbelehrung Forum Katalog bestellen Newsletter Kräuterkunde Versandkosten AGB Sitemap Impressum Wichtige Infos (2) DOWNLOAD Katalogdownload Copyright © Rühlemann's Kräuter & Duftpflanzen - Alle Rechte vorbehalten. ","title":"Balsamita | Babantsi-Bruchkraut | Pflanzen & Saatgut | Rühlemann's Kräuter und Duftpflanzen","desc":"Diese robusten und aromatischen Kräuter wurden früher zur Gattung 'Chrysanthemum' gezählt.","details":{"length":4753,"language":"de","date":"2014/10/31 16:18:39","type":"application/xhtml+xml","country":""},"crawling":{"duration":"1","date":"2014/10/31 16:18:39"},"metas":[{"name":"author","value":"Hallo"},{"name":"copyright","value":"#IndexMetaCopyright#"},{"name":"robots","value":"noindex,follow"},{"name":"revisit-after","value":"15 days"},{"name":"keywords","value":""},{"name":"description","value":"Diese robusten und aromatischen Kräuter wurden früher zur Gattung 'Chrysanthemum' gezählt."},{"name":"msapplication-navbutton-color","value":"#dd4800"},{"name":"application-name","value":"Rühlemann's Kräuter und Duftpflanzen"},{"name":"msapplication-starturl","value":"http://www.kraeuter-und-duftpflanzen.de/"},{"name":"msapplication-window","value":"width=1024;height=768"}],"uri":{"protocol":"http","domain":"de.kraeuter-und-duftpflanzen.","url":"http://kraeuter-und-duftpflanzen.de/pflanzen-und-saatgut/babantsi-bruchkraut/balsamita?p=1&s=8"}}},{"_index":"de_content_201410","_type":"resourceQ","_id":"http://sug-online.de/product_info.php/info/p15925_krusell-backcover-71220-passend-fuer-apple-ipad-2---rot.html/xtcsid/f7528c4cfabdd0358582a8a65ac5479a","_score":1.0, "_source" : {"body":"    Englisch          AGBs      Kontakt      Mehr über uns Home für Apple Computer Halterungen Krusell Handy/Smartphone Zubehör Taschen LED/Lichttechnik Weitere Kategorien Was suchen Sie? erweiterte Suche Home › Krusell › Angebote › 399228 Wählen Sie eine Marke 1&1 a-rival ACER Alcatel Amazon Apple Archos Arnova Ascom Asus AVUS Base Benq-Siemens BlackBerry Blaupunkt Bookeen Cat Creative Dell Doro Easypix Elson Emporia Eten Falk Foxit Fujitsu Garmin Gionee Google Hannspree Hanvon Honeywell HP HTC Huawei Hugendubel Hyundai i.onik Icarus iReaver Italca Kobo Kyros Lenovo LG MAS Elektronik Medion Microsoft Mobistel Motorola Navgear Navigon Nokia Odys Onyx Oppo Palm Panasonic Phicomm Philips PocketBook Point of View Prestigio Sagem Samsung Sharp Siemens Festnetz Smartbook Sonim Sony Sony-Ericsson Swissvoice Tchibo Telekom Thalia Thomson Tolino TomTom Toshiba Trekstor VDO Dayton Viewsonic Vivo Vodafone Weltbild Wiko Xiaomi Xoro Yota Devices Zopo ZTE Wählen Sie ein Modell Wählen Sie eine Zubehörgruppe   Zubehör anzeigen Krusell      Angebote      Demnächst      Neuheiten      Krusell Zubehör      Geschenkidee       Schutzfolie Nano       SmartPhone/ Handy       Tablet-PC/ iPad       Notebook/ Netbook      Navigation/ GPS      Kamera/ Foto      MP3-Player      Phone Strap      Spielkonsole      Schnurlostelefon      Promotion       Verkaufshilfen     SmartPhones         Tablet         Cover Motörhead metropolis         Cover/ Color/Back/Under         Cover/ AluCover         Cover/ PrintCover         Cover/ BioCover         FlipCase         SlimCover         Classic Multidapt         Orbit Flex         Universal         für Acer         für Amazon         für Apple         für Asus         für Google         für Microsoft         für Nokia         für Samsung         für Sony         Universal         bis zu 7\" (17,8cm)         bis zu 10,1\" (25,65)         bis zu 12,1\" (30,7cm)         bis zu 14\" (35,6cm)         bis zu 16\" (40,6cm)         bis zu 18\" (45,72cm)         für MacBook Serie         POS - Materialien         Boden Ständer         Theken Ständer       Krusell BackCover 71220 passend für Apple iPad 2 - Rot Artikelnummer 399228 EAN 7394090712206 Match Code: KBAC_71220 Größeres Bild Sie können als Gast (bzw mit Ihrem derzeitigen Status) keine Preise sehen 1 - 10 ab Lager lieferbar Artikelbeschreibung Krusell BackCover 71220 Größe: passend für: Apple iPad 2 Material: Polykarbonat Farbe: Red (HINWEIS: ohne Mulitdaptsystem)   Kompatibilität z.B. Apple iPad 2   Diese modellspezifische Tasche eignet sich perfekt für Liebhaber des iPad. Sie können sie allein oder zusätzlich zum Smart Cover von Apple benutzen. Sie ist einfach aufzusetzen, abzunehmen und das Design kann gegen ein anderes aus dem Krusell-Produktsortiment ausgetauscht werden. Das Krusell BackCover sorgt für den ultimativen Schutz der Rückseite Ihres Geräts und Bildschirmablageschutz. Das gummierte Material ist angenehm griffig und das Futter schützt Ihr Gerät.   Eigenschaften Sie verfügt über Ausschnitte für alle erforderlichen Funktionen und für das Apple-Logo auf der Rückseite. BackCover ist eine gut verarbeitete Tasche mit Bildschirmablageschutz. Der abnehmbare Taschenteil ermöglicht die kombinierte Nutzung mit dem Apples Smart Cover. So wird Ihr Gerät im Nu zum Hingucker. Verschiedene Farben und Designs sind lieferbar.   Lieferumfang: - Krusell BackCover - Krusell Verpackung   Was ist der Mixpreis? Sitemap Neuheiten Demnächst S&G News KUNDEN-LOGIN Benutzername: Passwort: Passwort vergessen? Jetzt registrieren MEHR ÜBER UNS Liefer- und Versandkosten Privatsphäre und Datenschutz Unsere AGB's Impressum Kontakt Zahlungsarten Rücksendungen Altbatterieentsorgung CSV Export / Import Top-Marken INFORMATIONEN Sitemap Aktion Taschen Apple iPhone 5 Autorisierter Fachhändler AGB      Impressum      Datenschutz     Über Uns      Versandkosten      Registrierung      Downloads     Links     Kategorien     Häufig gestellte Fragen      Kontakt S&G Communication Ges. für Telekommunikation mbH - Siemensstrasse 24 - D 35638 Leun - Fon: +49 6473 / 91590 - Fax: +49 6473 / 915944 - E-Mail: info@sug-online.de Rechtsform: Gesellschaft mit beschränkter Haftung - Sitz: Leun - Registergericht: Wetzlar HRB 1587 - Geschäftsführer: Erwin Gronych, Roswitha Gronych, Bjoern Gronych' Alle eingetragenen Warenzeichen sind Eigentum Ihrer rechtmäßigen Eigentümer eCommerce Engine © 2006 xt:Commerce Shopsoftware Parse Time: 0.301s ","title":"S&G Communication -  Krusell BackCover 71220 passend für Apple iPad 2 - Rot 399228","desc":null,"details":{"length":4433,"language":"de","date":"2014/10/31 16:18:39","type":"text/html","country":""},"crawling":{"duration":"1","date":"2014/10/31 16:18:39"},"metas":[{"name":"generator","value":"(c) by xt:Commerce v3.0.4 SP2.1 , http://www.xt-commerce.com"},{"name":"robots","value":"index,follow,noodp,noydir"},{"name":"language","value":"de"},{"name":"author","value":"Erwin Gronych, sug communication gmbh, Leun"},{"name":"publisher","value":"sug communication gesellschaft fuer telekommunikation mbh"},{"name":"company","value":"sug communication gesellschaft fuer telekommunikation mbh"},{"name":"page-topic","value":"Kfz Halterung, Handytasche, HR Halter, Netbooktasche, Kameratasche, Tablettasche, Xirrix"},{"name":"reply-to","value":"info@sug-online.de"},{"name":"distribution","value":"global"},{"name":"revisit-after","value":"14"},{"name":"description","value":""},{"name":"keywords","value":""}],"uri":{"protocol":"http","domain":"de.sug-online.","url":"http://sug-online.de/product_info.php/info/p15925_krusell-backcover-71220-passend-fuer-apple-ipad-2---rot.html/xtcsid/f7528c4cfabdd0358582a8a65ac5479a"}}},{"_index":"de_content_201410","_type":"resourceQ","_id":"http://tennisseite.de/tennisschlaeger/babolat-schlaeger/?sid=ujsuj5rq256tcndu6j0bqaj7m0","_score":1.0, "_source" : {"body":" Konto Konto Mein Konto Mein Merkzettel Mein Wunschzettel Sie haben Ihr Passwort vergessen? Kein Problem, hier können Sie ein neues Passwort einrichten. Ihre E-Mail-Adresse: Bitte Wert angeben! Bitte geben Sie eine gültige E-Mail-Adresse ein Passwort anfordern Nachdem Sie den 'Passwort anfordern'-Knopf angeklickt haben, schicken wir Ihnen eine E-Mail zu, mit der Sie Ihr Passwort ändern können. Sollten Sie innerhalb der nächsten Minuten KEINE E-Mail mit Ihren Zugangsdaten erhalten, so überprüfen Sie bitte: Haben Sie sich in unserem Shop bereits registriert? Wenn nicht, so tun Sie dies bitte einmalig im Rahmen des Bestellprozesses. Sie können dann selbst ein Passwort festlegen. Sobald Sie registriert sind, können Sie sich in Zukunft mit Ihrer E-Mail-Adresse und Ihrem Passwort einloggen. Wenn Sie sich sicher sind, dass Sie sich in unserem Shop bereits registriert haben, dann überprüfen Sie bitte, ob Sie sich bei der Eingabe Ihrer E-Mail-Adresse evtl. vertippt haben. Sollten Sie trotz korrekter E-Mail-Adresse und bereits bestehender Registrierung weiterhin Probleme mit dem Login haben und auch keine \"Passwort vergessen\"-E-Mail erhalten, so wenden Sie sich bitte per E-Mail an: info@ixq.de Login Login Passwort merken Login Passwort vergessen ? Registrieren IXQ Tennis Shop | Heiserfeld 7 | 33014 Bad Driburg | Deutschland 09.07.2014 Start Tennisschläger Babolat Schläger Dunlop Schläger Head Schläger Pacific Schläger Wilson Schläger Kinder / Junior Schläger Minipreis-Rackets Testschläger Tennissaiten azZzo Saiten Babolat Saiten Dunlop Saiten Head Saiten Kirschbaum Saiten Luxilon Saiten MSV Saiten Pacific Saiten Pros-Pro Saiten Signum Pro Saiten Solinco Saiten Tecnifibre Saiten Topspin Saiten Weiss-Cannon Saiten Wilson Saiten Sets von der Rolle Tennistaschen Babolat Taschen Dunlop Taschen Head Taschen Pacific Taschen Pros-Pro Taschen Wilson Taschen Bälle Babolat Bälle Dunlop Bälle Head Bälle Wilson Bälle Griffbänder Babolat Griffbänder Head Griffbänder MSV Griffbänder Pacific Griffbänder Pros-Pro Griffbänder Unique Griffbänder Wilson Griffbänder Kleidung Für Ihn Für Sie Kopfbedeckung Schweissbänder Socken Zubehör Vibrationsdämpfer Besaiterbedarf Trainerbedarf Medizin-Bandagen Tennisschuhe Accessories Tennis Geschenke %Sale% Restposten Sonderposten Zur Kasse Warenkorb zeigen Sie sind hier: /  Tennisschläger /  Babolat Schläger Versandkosten ab 4,- Euro versandkostenfrei ab 49,- Euro in DE Zahlungservice Vorkasse Rechnung(Stammkunden) Nachnahme Tennisschläger Babolat Schläger Dunlop Schläger Head Schläger Pacific Schläger Wilson Schläger Kinder / Junior Schläger Minipreis-Rackets Testschläger Babolat Schläger Babolat Tennisschläger Hochwertige und professionelle Tennisrackets der Marke Babolat. Beliebte Tour-Tennisschläger bekannter Tennisprofis wie Rafael Nadal,Jo-Wilfried Tsonga,Samantha Stosur,Agnieszka Radwanska,Na Li und vieler weiterer. Es fliessen ständig Weiterentwicklungen in die Tennisschläger von Babolat ein, so daß den Tennisspielern immer ein optimales Material zur Verfügung steht. Artikel pro Seite: 50 50 60 75 100 Ansicht: Galerie Galerie zweispaltig Galerie Liste Babolat Aeropro Drive GT 2014 159,00 € * mehr Info Versandkostenlos DE AT BE NL SPA ITA DK FRA LU Babolat Aeropro Drive GT + 2014 165,00 € * mehr Info Versandkostenlos DE AT BE NL SPA ITA DK FRA LU Babolat Aeropro Team 2014 145,00 € * mehr Info Versandkostenlos DE AT BE NL SPA ITA DK FRA LU Babolat Aeropro Lite 2014 155,00 € * mehr Info Versandkostenlos DE AT BE NL SPA ITA DK FRA LU Babolat Pure Strike Tour 159,00 € * mehr Info Versandkostenlos DE AT BE NL SPA ITA DK FRA LU Babolat Pure Strike 18x20 159,00 € * mehr Info Versandkostenlos DE AT BE NL SPA ITA DK FRA LU Babolat Pure Strike 100 145,00 € * mehr Info Versandkostenlos DE AT BE NL SPA ITA DK FRA LU Babolat Pure Drive GT 2014 145,00 € * mehr Info Versandkostenlos DE AT BE NL SPA ITA DK FRA LU Babolat Pure Drive GT Plus 2014 149,00 € * mehr Info Versandkostenlos DE AT BE NL SPA ITA DK FRA LU Babolat Pure Drive Lite GT 2014 119,00 € * mehr Info Versandkostenlos DE AT BE NL SPA ITA DK FRA LU Babolat Pure Drive 107 GT 2014 144,00 € * mehr Info Versandkostenlos DE AT BE NL SPA ITA DK FRA LU Babolat Tennisschläger pink Drive Z Lite 125,00 € * mehr Info Versandkostenlos DE AT BE NL SPA ITA DK FRA LU Babolat Drive Z Lite 88,00 € * mehr Info Versandkostenlos DE AT BE NL SPA ITA DK FRA LU Babolat Tennisschläger Contact Tour 29,95 € * mehr Info Newsletter Abonnieren * Alle Preise inkl. MwSt., zzgl. Versandkosten. SERVICE Kontakt Hilfe Links Gästebuch Warenkorb Konto Merkzettel Mein Wunschzettel Sitemap Stichworte Griffstärke Test VIP INFORMATIONEN Impressum Über uns AGB Datenschutz Versand und Kosten Widerrufsrecht Preisvergleich Tennisausrüstung Tennistrainer Wie bestellen? Newsletter KATEGORIEN Griffbänder Vibrationsdämpfer Besaiterbedarf Trainerbedarf Medizin-Bandagen Tennisschuhe Accessories Kopfbedeckung Kirschbaum Saiten Babolat Saiten Luxilon Saiten Signum Pro Saiten MSV Saiten Head Saiten Topspin Saiten KATEGORIEN Tennisschläger Tennissaiten Tennistaschen Bälle Griffbänder Kleidung Zubehör %Sale% Head Tennisschläger Wilson Tennisschläger Babolat Tennisschläger Kinder Junior Schläger Minipreis Rackets Wilson Tennisbälle Head Tennistaschen Wilson Tennistaschen Signum Pro Tornado Babolat RPM Blast MSV Focus HEX - Tennis Overgrips Geschenke Head Tennisbälle Neuheiten kaufen Signum Pro Outbreak 200m Set Signum Pro Outbreak 12m Solinco Tour Bite 100m azZzo perfect court control Pros Pro Strategem 8 200m Head Sprint Pro Clay Men weiss Head Sprint Pro Clay Men blau Kirschbaum Pro Line No. II 12m 1.25mm schwarz Head Original Combi Tennistasche 2014 HEAD Team Backpack weiss schwarz Babolat RPM Pro Extreme 1.25mm Tennissaite Babolat Aero Racket Holder X12 2014 Babolat Racket Holder X9 Aero Line schwarz rot 2014 Babolat Rucksack Aero Backpack 2014 Pacific Tennissaite Champ one 200m *: inkl. MwSt., zzgl. Versandkosten. ","title":"Babolat Schläger | kaufen im Online Shop","desc":"Sie sind hier  Tennisschläger - Babolat Schläger. IXQ Tennis Shop   Tennisversand für Tennisschläger , Tennissaiten ,...  Preisvergleich Bewertung Test Preis","details":{"length":5935,"language":"de","date":"2014/10/31 16:18:40","type":"text/html","country":""},"crawling":{"duration":"1","date":"2014/10/31 16:18:40"},"metas":[{"name":"author","value":"IXQ Netdesign "},{"name":"language","value":"de"},{"name":"description","value":"Sie sind hier  Tennisschläger - Babolat Schläger. IXQ Tennis Shop   Tennisversand für Tennisschläger , Tennissaiten ,...  Preisvergleich Bewertung Test Preis"},{"name":"keywords","value":"tennisschläger, babolat, schläger"}],"uri":{"protocol":"http","domain":"de.tennisseite.","url":"http://tennisseite.de/tennisschlaeger/babolat-schlaeger/?sid=ujsuj5rq256tcndu6j0bqaj7m0"}}},{"_index":"de_content_201410","_type":"resourceQ","_id":"http://lte-anbieter.de/details/lte-bestellen-in-gehrden-han-br-plz-30989-br-vorwahl-05108.html","_score":1.0, "_source" : {"body":" LTE Anbieter steht zum Verkauf LTE Verfügbarkeit LTE 4G BESTELLEN LTE Tarifvergleich LTE-Verfügbarkeit nach Postleitzahl -Bereich nach Ort nach Bundesland LTE Suchbox Prüfen Sie hier, ob LTE bei Ihnen schon verfügbar ist (Eingabe nach Ortsname, Postleitzahl oder Vorwahl) Irgendein Wort Exakten Ausdruck LTE-Links LTE-Linktipps LTE Netzausbau LTE Verfügbarkeit LTE bestellen in Gehrden (Han) - PLZ: 30989 - Vorwahl: 05108 Postleitzahl: 30989 Ort: Gehrden (Han) Bundesland: Niedersachsen Vorwahl: 05108 LTE vorhanden, LTE bestellen möglich?: NEIN Hinweis zur LTE Verfügbarkeit: Momentan beziehen sich alle Angaben auf das Netz von Vodafone. Alle Angaben ohne Gewähr.    Hits: 71 Hinweis zur LTE Verfügbarkeit: Momentan beziehen sich alle Angaben auf das Netz von Vodafone. Alle Angaben ohne Gewähr. Impressum I Disclaimer - Haftungsausschluss I Datenschutzhinweise I Sitemap Admin I LTE-Verfügbarkeit Designed by Jörg Middelkamp. ","title":"LTE-Anbieter.de - Alles rund um LTE und LTE Bestellung - LTE-bestellen-in-Gehrden-Han-br-PLZ-30989-br-Vorwahl-05108 | Details","desc":"LTE, LTE Anbieter, LTE bestellen, 05108 Gehrden (Han), Gehrden (Han), LTE bestellen in 30989 Gehrden (Han), LTE verfügbar in 30989 Gehrden (Han) , LTE Anbieter in 30989 Gehrden (Han). LTE Verfügbarkeit. Sachsen.","details":{"length":930,"language":"de","date":"2014/10/31 16:18:40","type":"application/xhtml+xml","country":""},"crawling":{"duration":"1","date":"2014/10/31 16:18:40"},"metas":[{"name":"robots","value":"index, follow"},{"name":"keywords","value":"<br> -, LTE Verfügbarkeit, Sachsen"},{"name":"description","value":"LTE, LTE Anbieter, LTE bestellen, 05108 Gehrden (Han), Gehrden (Han), LTE bestellen in 30989 Gehrden (Han), LTE verfügbar in 30989 Gehrden (Han) , LTE Anbieter in 30989 Gehrden (Han). LTE Verfügbarkeit. Sachsen."}],"uri":{"protocol":"http","domain":"de.lte-anbieter.","url":"http://lte-anbieter.de/details/lte-bestellen-in-gehrden-han-br-plz-30989-br-vorwahl-05108.html"}}},{"_index":"de_content_201410","_type":"resourceQ","_id":"http://swedteamdeutschland.de/kleidung/show/40/neue_produkte.html?mode=grid","_score":1.0, "_source" : {"body":" Springe zum Hauptinhalt » Kategorie Navigation: Startseite Kleidung Camouflage-Sets Handschuhe Hemden Hosen Jacken Kappen / Hüte Overalls Regenbekleidung Socken Sweater T-Shirts Unterwäsche Westen Accessoires Accessoires Gamaschen GPS / Radiopocket Gürtel Hosenträger Rucksäcke Tarnstände Taschen 3C Camouflage Casual Classic Onlinekatalog Über uns Über Uns Händlersuche Deutschland SWEDTEAM Worldwide Kontakt Seiten durchsuchen Mein Benutzerkonto Aktuelles Meine Wunschliste Log In Startseite / Kleidung Filtern Momentane Filter Zeigen...: Neue Produkte  Verfügbare Größen: 40  Alles löschen Kategorie Hemden (1) Hosen (2) Westen (2) Zeigen... Damen :: Lady (13) Neue Produkte (5) Kollektion Hermelin (1) Melvin (1) Ontario (1) Material Cordura (1) Covertex (1) Verfügbare Größen 120 (2) 130 (2) 34 (5) 36 (5) 38 (5) 40 (5) 42 (5) 44 (5) 46 (3) L (58-59) (1) L(41-42) (1) L(58-62) (1) M (56-57) (1) M(39-40) (1) One size (40-46) (1) XL (60-61) (1) XL(43-46) (1) S (25) M (27) L (27) XL (26) XXL (23) 3XL (23) 4XL (11) 5XL (1) C46 (16) C48 (21) C50 (21) C52 (21) C54 (21) C56 (21) C58 (21) C60 (18) C64 (3) C68 (1) C150 (1) C152 (1) C154 (1) D96 (1) D100 (2) D104 (2) D108 (2) D112 (2) D116 (2) D120 (1) D124 (1) D128 (1) L(43-45) (1) L(58-61) (1) M(40-42) (1) M(55-57) (2) S(37-39) (1) XL(46-48) (1) 140 (4) 150 (4) 160 (4) 170 (4) Einheitsgröße (8) Mehr ... Weniger ...   Kleidung 5 Artikel Zeige 9 15 30 pro Seite Darstellung als: Gitter  Liste  Sortierung Name Am häufigsten angesehen Hose Hermelin Grün Auf die Wunschliste Weste Ontario Damen Auf die Wunschliste Hose Melvin Auf die Wunschliste Hemd Carat - Lady Auf die Wunschliste Damenweste Sanna Auf die Wunschliste 5 Artikel Zeige 9 15 30 pro Seite Darstellung als: Gitter  Liste  Sortierung Name Am häufigsten angesehen   Aktuelles Meine Wunschliste Sie haben keine Artikel auf der Wunschliste.   Sitemap Suchbegriffe Kontakt Aktuelles Impressum Suchbegriffe Covertex damen Kappe oakland optifade Piloten Timber Swedteam Deutschland GmbH | Hellweg 45 - 59063 Hamm | Tel +49 (0)2381 - 9877333 ","title":"Kleidung SWEDTEAM®","desc":"Swedteam Deutschland - Jagd- und Outdoorbekleidung Bekleidung und Klamotten für den seriösen Jäger. Jacken, Hosen, Handschuhe und mehr. Gore-Tex, Camo, Camouflage-Kleidung von einem schwedischen Unternehmen. Warme und wasserdichte Jagdbekleidung in Schweden getestet","details":{"length":2054,"language":"de","date":"2014/10/31 16:18:40","type":"application/xhtml+xml","country":""},"crawling":{"duration":"1","date":"2014/10/31 16:18:40"},"metas":[{"name":"description","value":"Swedteam Deutschland - Jagd- und Outdoorbekleidung Bekleidung und Klamotten für den seriösen Jäger. Jacken, Hosen, Handschuhe und mehr. Gore-Tex, Camo, Camouflage-Kleidung von einem schwedischen Unternehmen. Warme und wasserdichte Jagdbekleidung in Schweden getestet"},{"name":"keywords","value":"jagd, bekleidung, camouflage, klamotten "},{"name":"robots","value":"INDEX,FOLLOW"}],"uri":{"protocol":"http","domain":"de.swedteamdeutschland.","url":"http://swedteamdeutschland.de/kleidung/show/40/neue_produkte.html?mode=grid"}}},{"_index":"de_content_201410","_type":"resourceQ","_id":"http://ankaufspreis-gold.de/index.php?article_id=2&goldankauf=bruchgold-ankauf-in-nellingen--in-der-n%c4%82%c2%a4he:-anka-goldankauf-in-stuttgart","_score":1.0, "_source" : {"body":" Goldankauf, Gold Ankauf | Goldankauf, Gold Ankauf Goldankauf, Gold Ankauf | Goldankauf, Gold Ankauf Goldankauf, Gold Ankauf | Goldankauf, Gold Ankauf Goldankauf, Gold Ankauf | Goldankauf, Gold Ankauf Goldankauf, Gold Ankauf | Goldankauf, Gold Ankauf Burma Bilezik - Goldankauf, Gold Ankauf | Goldankauf, Gold Ankauf Sofortige Auszahlung! Das sagen unsere Kunden Unsere Öffnungszeiten Route berechnen So finden Sie uns Gold mit der Post senden Home Goldankauf Preise Ankaufspreise Goldbarren Ankaufspreise Altgold Goldmünzenpreise Zahngoldpreise Goldankauf Burma Bilezik Goldankauf Cumhuriyet Silberankauf Preise Platinankauf Preise Die Abwicklung Goldankauf persönlich Goldankauf per Postpaket Edelmetallbegleitschreiben Fragen und Antworten Edelmetallrechner ANKA Edelmetall - Goldankauf: Die hier angegebenen Edelmetall-Preise sind Endpreise, die wir unseren Kunden auszahlen. ***** Unsere Empfehlung: Vergleichen Sie Goldankaufs-Preise und holen Sie sich Vergleichsangebote. Sie werden schnell merken, vergleichen lohnt sich. ***** Wir kaufen Gold, Silber, Platin und Palladium in jeglicher Form: Schmuck, Münzen, Barren, Zahngold etc. und erstellen Ihnen kostenlos und unverbindlich ein Angebot.***** Wir sind Montags - Freitags 9:00 - 18:00 Uhr und Samstags 9:00 - 13:00 Uhr - für Sie da - bitte telefonisch Termin vereinbaren ***** 8 10 101 Altplatin/Bruchplatin 999,5 (Feinplatin) = 32.00 €/g 960 (960er Platin) = 30,72 €/g 950 (950er Platin) = 30,40 €/g 900 (900er Platin) = 28,80 €/g 800 (800er Platin) = 25,60 €/g 750 (750er Platin) = 24,00 €/g 585 (585er Platin) = 18,72 €/g Alle Platinankaufpreise (Tagesankaufpreis) ohne Gewähr. Telefonische Preisauskunft und Beratung unter 0711-912 77 944 (Stand: Mittwoch den 9. Juli 2014 - 07:22:28) schmuckbewertungen i erfahrung bilzik adana alim dukaten-goldmünzen 20000 gdzie goldmünzen flohmarkt çeyrek dirbantiems pfandleiher 1dukaten goldhändler münzhändler kaufen internet juweliere kette scheideanstalten braut gebraucht wiener-philharmoniker inzahlung 24 vertriebspartner preise kostenlos armreifen almanyada 1brillant online bilezik 4dukaten günlük münzen unze goldankaufstellen 12 fachmann satimi tam degerloch schmuck schmuckhändler reutlingen grammwage heilbronn ankauf weißgold 22ayar ata gold-goldmünze adresse ceyrek golddukaten 20 palladium britannia o ankaufspreise altini goldkette degussa ring erfahrungsberichte stuttgart be tipps verkaufen fiyatlari 18 goldankauf cumhuriyet raum-reutlingen sovereign schmuckschätzung tübingen juwelier feingold türkisch 2dukaten diamanten modelleri esslingen 100 damenring peso gold canli postversand Copyright © 2012 by ANKA EDELMETALLHANDELSGESELLSCHAFT MBH (Goldankauf und Goldverkauf), Felix-Dahn-Str.4, 70597 Stuttgart So finden Sie uns in Stuttgart: Anfahrtsplan nach Stuttgart c d Stuttgart | Ankauf von Gold in Stuttgart ( Entfernungsrechner/Anfahrtsplan) Impressum | AGB | http://www.oev.at http://www.linkpark.at KONTAKT Ihre Merkliste v. 09.07.2014 Auszahlung: Euro ","title":"Goldankauf, Gold Ankauf  | Goldankauf, Gold Ankauf ","desc":"Goldankauf, Gold Ankauf  Goldankauf, Gold Ankauf  Altgold verkaufen in Stuttgart","details":{"length":2985,"language":"de","date":"2014/10/31 16:18:41","type":"application/xhtml+xml","country":""},"crawling":{"duration":"1","date":"2014/10/31 16:18:41"},"metas":[{"name":"keywords","value":"Goldankauf, Goldankauf, Gold, Ankauf, , Goldankauf, Gold, Ankauf, "},{"name":"author","value":"Goldankauf Anka-Gold.de"},{"name":"description","value":"Goldankauf, Gold Ankauf  Goldankauf, Gold Ankauf  Altgold verkaufen in Stuttgart"},{"name":"google-site-verification","value":"qqK32WViKEidOjMlOxDwhd9P1H_h-aFrgJDk6ZLc4F0"}],"uri":{"protocol":"http","domain":"de.ankaufspreis-gold.","url":"http://ankaufspreis-gold.de/index.php?article_id=2&goldankauf=bruchgold-ankauf-in-nellingen--in-der-n%c4%82%c2%a4he:-anka-goldankauf-in-stuttgart"}}},{"_index":"de_content_201410","_type":"resourceQ","_id":"http://forum.hovawart-portal.de/memberlist.php?mode=viewprofile&sid=06c92743bf0c42f168efa96c56135560&u=70","_score":1.0, "_source" : {"body":" FAQ  -  Registrieren  -  Team  -  Webseite  -  Anmelden    Aktuelle Zeit: 02.07.2014 15:54 Foren-Übersicht Alle Zeiten sind UTC + 1 Stunde [ Sommerzeit ] Anmelden Du musst registriert und angemeldet sein, um Profile anzuschauen. Du musst in diesem Forum registriert sein, um dich anmelden zu können. Eine Anmeldung ist in wenigen Augenblicken erledigt und ermöglicht dir, auf weitere Funktionen zuzugreifen. Die Board-Administration kann registrierten Benutzern auch zusätzliche Berechtigungen zuweisen. Beachte bitte unsere Nutzungsbedingungen und die verwandten Regelungen, bevor du dich registrierst. Bitte beachte auch die jeweiligen Forenregeln, wenn du dich in diesem Board bewegst. Nutzungsbedingungen | Datenschutzrichtlinie Benutzername: Registrieren Passwort: Ich habe mein Passwort vergessen Die Aktivierungs-E-Mail erneut senden   Mich bei jedem Besuch automatisch anmelden   Meinen Online-Status während dieser Sitzung verbergen Foren-Übersicht Alle Zeiten sind UTC + 1 Stunde [ Sommerzeit ] Gehe zu:  Wähle ein Forum aus ------------------ Bevor es losgeht    Regeln  Powered by phpBB © 2000, 2002, 2005, 2007 phpBB Group Template made by DEVPPL Hosting/Sponsoring by AlexKnoll.de - Deutsche Übersetzung durch phpBB.de   ","title":"hovawart-portal.com • Anmelden","desc":null,"details":{"length":1236,"language":"de","date":"2014/10/31 16:18:37","type":"application/xhtml+xml","country":""},"crawling":{"duration":"1","date":"2014/10/31 16:18:37"},"metas":[{"name":"resource-type","value":"document"},{"name":"distribution","value":"global"},{"name":"copyright","value":"2000, 2002, 2005, 2007 phpBB Group"},{"name":"keywords","value":""},{"name":"description","value":""}],"uri":{"protocol":"http","domain":"de.hovawart-portal.forum.","url":"http://forum.hovawart-portal.de/memberlist.php?mode=viewprofile&sid=06c92743bf0c42f168efa96c56135560&u=70"}}},{"_index":"de_content_201410","_type":"resourceQ","_id":"http://schoeler-micke.tabletennis-shop.de/belaege/tibhar-genius-optimum-sound.html?force_sid=3911f2fd380279d0f776deb57e77221d","_score":1.0, "_source" : {"body":" Mein Konto | Merkzettel | Vergleichsliste | Impressum | Kontakt | Beratungs-Hotline: 0231/95 88 88 attraktive Rabatte schnelle Lieferung riesiges Warenlager geprüfter Shop Suche Warenkorb 0 Produkte   Beläge Hölzer Kleber & Reiniger Schläger Textil & Schuhe Taschen & Hüllen Tische & Netze Bälle Vereinsbedarf Gutscheine   Angebote   Beläge Hölzer Kleber & Reiniger Schläger Textil & Schuhe Taschen & Hüllen Tische & Netze Bälle Vereinsbedarf   MARKEN   adidas andro Butterfly DHS Donic Dr. Neubauer Joola Kettler Mizuno Nittaku Stiga Tibhar TSP Victas XIOM Yasaka   Service   Beratung Lieferung Newsletter Schlägerwahl Materialtest Belagsmontage Holzversiegelung Vereins Special Bedruckung Größentabellen Links Downloads   Über uns   Unternehmen Kompetenz Shop Dortmund Partnershops Versand & Kosten AGB Datenschutz Kontakt Impressum   <  zur Übersicht home   Beläge < 200 / 276 >   Tibhar Genius + Optimum Sound   Variante Art.Nr.   Preis 1,8 - rot 11048504   41,90 € 2,0 - rot 11048507   41,90 € max - rot 11048509   41,90 € 1,8 - schwarz 11048514   41,90 € 2,0 - schwarz 11048517   41,90 € max - schwarz 11048519   41,90 €       Einzelpreis   41,90 € Sie sparen   im 2er Belagpaket nur  33,52 €   im 10er Belagpaket nur  31,42 €   Sofort lieferbar Menge: 1 2 3 4 5 6 7 8 9 10 11 12 13 14 15 16 17 18 19 20 in den Warenkorb inkl. MwSt., ggfs. zzgl. Versandkosten. Ab 75,- EUR keine Versandkosten in D. Beschreibung Tibhar Genius + Optimum Sound Die weiche Version des Genius Optimum Belages hat einen extrem starken Katapulteffekt gepaart mit dem, für weiche Beläge üblichen, leichten Spielgefühl. Mit dem Genius Optimum Sound spüren Sie, wie die Energie von Ihrem Schläger auf den Ball übergeht. Ein toller Belag für Spieler die den weichen Anschlag bevorzugen, jedoch nicht auf explosionsartige Schläge im offenen Spiel nah oder fern vom Tisch verzichten möchten. Der energiegeladene Schwamm in Verbindung mit der neuartigen Oberfläche bietet Ihnen den optimalen Mix aus Dynamik, Spielgefühl, Sound und Kontrolle. Stärken: 1,8 / 2,0 / max Datenblatt Tibhar Genius + Optimum Sound Modell: Tibhar Genius + Optimum Sound Preis: 41,90 € Marke Tibhar  Belagart Noppen innen  Schwammhärte soft-medium  Technologie Hi-Tech (mit Frischklebeeffekt)  Tempo 102  Effet 109  Kontrolle 90  Spielstrategie Offensiv-Topspin, Offensiv-Speed  Andere Kunden kauften auch: Tibhar Speedy Soft D.TECS 36,90 €   andro Kantenband 12mm 4,95 € (0,99 € / m)   Tibhar Genius Sound 41,90 €   TSP Super Spinpips Chop 35,90 €   SALE% Donic Quattro Formula statt 36,90 € nur 25,90 € Sie sparen 11,00 € (30%)   SALE% andro IMPULS SPEED statt 38,95 € nur 28,95 € Sie sparen 10,00 € (26%)     Holzversiegelung oder Belagsmontage gewünscht? > Infos anzeigen Online-Shop Beläge Hölzer Kleber & Reiniger Schläger Textil & Schuhe Taschen & Hüllen Tische & Netze Bälle Vereinsbedarf Gutscheine Informationen Unternehmen Kompetenz Versand & Kosten AGB Datenschutz Kontakt Impressum Schöler + Micke Partner Händlerverzeichnis Service Beratung Lieferung Newsletter Schlägerwahl Materialtest Belagsmontage Holzversiegelung Vereins Special Bedruckung Größentabellen Links Downloads Shop Dortmund Zahlarten per PayPal per Rechnung per Kreditkarte per Nachnahme per SEPA-Lastschrift (mit 2% Skonto) Newsletter-Abo eMail-Adresse: Absenden BASKET_POPUP_ADDEDARTICLETOBASKET ","title":"\n\n\tTischtennis \n\t | \n\tTibhar Genius + Optimum Sound\n\t | \n\tonline kaufen im Schöler & Micke Online-Shop\n\n","desc":"Tibhar Genius + Optimum Sound - Die weiche Version des Genius Optimum Belages hat einen extrem starken Katapulteffekt gepaart mit dem, für weiche Beläge üblichen, leichten Spielgefühl. Mit dem Genius","details":{"length":3332,"language":"de","date":"2014/10/31 16:18:37","type":"text/html","country":""},"crawling":{"duration":"1","date":"2014/10/31 16:18:37"},"metas":[{"name":"description","value":"Tibhar Genius + Optimum Sound - Die weiche Version des Genius Optimum Belages hat einen extrem starken Katapulteffekt gepaart mit dem, für weiche Beläge üblichen, leichten Spielgefühl. Mit dem Genius"},{"name":"keywords","value":"tibhar, genius, +, optimum, sound, beläge, Tibhar belag beläge belaege 11048504 11048507 11048509 11048514 11048517 11048519 11048504 11048507 11048509 11048514 11048517 11048519 11048504 11048507 11048509 11048514 11048517 11048519 11048504 11048507 11048509 11048514 11048517 11048519 11048504 1"}],"uri":{"protocol":"http","domain":"de.tabletennis-shop.schoeler-micke.","url":"http://schoeler-micke.tabletennis-shop.de/belaege/tibhar-genius-optimum-sound.html?force_sid=3911f2fd380279d0f776deb57e77221d"}}},{"_index":"de_content_201410","_type":"resourceQ","_id":"https://sgvsh.s-akaby.de/ecadiakiel/action?securedgetrequest_2ac7114b=ik6qz8ob_b_zasyyf6xgw58f5b3p9ojdx0efpm-jpobglsmsp8dvf4glo0-zz5jsnei0olpqquqna2z4_afz4n5n5mapzhrf11uofv5_pre","_score":1.0, "_source" : {"body":" 02.07.2014 15:54 Bildungskatalog Kalendarium Veranstaltungen Produkte Am System anmelden Impressum Schnellsuche Volltextsuche     Zuletzt besucht - Sitzung ist abgelaufen         Die Sitzung ist abgelaufen. Bitte melden Sie sich wieder am System an.       ecadia Learning Manager© 2003 - 2014 – STL GmbH, Release 2.9.4 vom 25.11.2012 ","title":"ecadia Learning Manager","desc":null,"details":{"length":335,"language":"de","date":"2014/10/31 16:18:40","type":"text/html","country":""},"crawling":{"duration":"1","date":"2014/10/31 16:18:40"},"metas":[],"uri":{"protocol":"https","domain":"de.s-akaby.sgvsh.","url":"https://sgvsh.s-akaby.de/ecadiakiel/action?securedgetrequest_2ac7114b=ik6qz8ob_b_zasyyf6xgw58f5b3p9ojdx0efpm-jpobglsmsp8dvf4glo0-zz5jsnei0olpqquqna2z4_afz4n5n5mapzhrf11uofv5_pre"}}},{"_index":"de_content_201410","_type":"resourceQ","_id":"https://adn.de/hersteller/sap/arp-distribution?___store=default&cat=8387&dir=asc&order=sku&p=2","_score":1.0, "_source" : {"body":" Home Kontakt Mein Benutzerkonto Bestellen Anmelden Werden Sie ADN Partner! Alles über die Vorteile einer ADN-Fachhandelspartnerschaft   Als Handelspartner registrieren Support & Services Willkommen beim ADN Support   Springe zum Hauptinhalt » Storecode=default ActiveChilden=40 ADN.Store 3CX 3CX bei ADN 3CX Phone System Acronis Acronis bei ADN Standard Lizenzen AudioCodes AudioCodes bei ADN 3xxHD IP Phones Mediant 1000B Mediant 600 Mediant 800 Mediant 850 MobilityPLUS MP 11x Netzkabel SIP Phone Support (SPS) Avocent-Emerson Avocent-Emerson bei ADN DSView 4 Rack Power Manager Software DSR Switch Hardware for DSView IPMI Proxy Appliances (Merge Point) Intelligent Power Distribution Units & Accessories HMX Switch AMX Switch Commodity / AVR / SV Services MergePoint Unity MergePoint Datacenter Planner (DCP) Universal Management Gateway Trellis Citrix Citrix bei ADN CSP XenClient XenApp XenDesktop XenServer XenApp Fundamentals Netscaler VDI-in-a-Box CloudStack AppDNA ShareFile XenMobile CloudBridge Application Firewall NS Gateway CommVault CommVault bei ADN Cortado Cortado bei ADN ThinPrint Sonstiges Cortado Corporate Server Service Provider Personal Printing DataCore DataCore bei ADN SANSymphony V - Beispielkonfiguration SANSymphony V - Supportverlängerung Dell Dell bei ADN Server Storage Netzwerk Dell SonicWALL Dell SonicWALL bei ADN Application Intelligence Autodoc TZ Series NSA Series NSA E-Class Series SuperMassive Email Security Series SSL VPN & Aventail SRA Series Client & Server Software Secure Upgrade Plus Program Wireless Solution Enablers WAN Acceleration Enablers Analyzer software Scrutinizer software Global Management System-UMA Actual Services & Support Older Services & Support Power Supplys & 19\" Rack Kit's Not-for-Resale (NFR) High Availability (HA) Dell Wyse Dell Wyse bei ADN Cloud Connect Thin Clients Mobile Thin Clients Support Zubehör Dell Displays Falconstor Falconstor bei ADN Accessories CDP Continuous Data Protector File Interface Deduplication System NSS Network Storage Server Service Virtual Tape Library with Deduplication Gateway with Deduplication Promotion GFI GFI bei ADN FAXmaker MailArchiver MailEssentials 2012 MailProtection Suite WebMonitor WebMonitor for ISA LANguard Network Security Scanner EventsManager NetworkServerMonitor GFI Cloud MailEssentials Online EndPointSecurity GFI MAX GFI MAX bei ADN GFI MAX MailArchive GFI MAX RemoteManagement GFI MAX MailProtection GFI MAX Backup Gupta Gupta bei ADN Team Developer Mobile 1.0 Report Builder SQLBase Support Team Developer Workbook NXJ Developer NXJ Enterprise Reporting Q Web Application IGEL IGEL bei ADN Zero Clients Linux Thin Clients Windows Embedded 7 Thin Clients Universal Desktop Converter UDC Upgrade Lizenzen Zubehör und Optionen Promotion Addon Imperva Imperva bei ADN KEMP KEMP bei ADN GEO LoadMaster LM-GEO LoadMaster LM-2400 LoadMaster LM-2600 LoadMaster LM-3600 LoadMaster LM-5400 LoadMaster LM-R320 Virtual GEO LoadMaster VLM-GEO Virtual LoadMaster VLM-200 Virtual LoadMaster VLM-2000 Virtual LoadMaster VLM-5000 KEMP-SPLA Marathon Marathon bei ADN everRun FT everRun HA everRun MX Microsoft Microsoft bei ADN ISV Royalty Lync SPLA System Center Office 365 Nexenta Nexenta bei ADN Nexsan Nexsan bei ADN Produkte Nimble Nimble bei ADN Systeme Service Installation Nutanix Nutanix bei ADN Block Options Overland Overland bei ADN SnapSAN SnapServer SnapScale X2 REOseries NEOseries Discontinued Service Promotion Kabel Einzellaufwerk Service Palo Alto Networks Palo Alto Networks bei ADN PRA-100 PA-200 PA-500 PA-2020 PA-2050 PA-3020 PA-3050 PA-4020 PA-4050 PA-4060 PA-5020 PA-5050 PA-5060 PRA-25 M-100 PRA-1000 VM-100 VM-100-ENT VM-200 VM-200-ENT VM-300 VM-300-ENT Miscellaneous WF-500 Patton Patton bei ADN SmartNode SmartNode Warranty CopperLink Plantronics Plantronics bei ADN Microsoft Lync Telefon Headsets Unified Communication Pure Storage Pure Storage bei ADN FA-405 (bis 40TB) FA-420 (bis 125TB) FA-450 (bis 250TB) RES Software RES Software bei ADN Automation Manager RES Virtual Desktop Extender RES Workspace Manager Hyperdrive Virtualization Suite SafeNet SafeNet bei ADN Multi-Factor Authentication Data Encryption & Control Network & WAN Encryption Enterprise Key Management Hardware Security Modules (HSM) SAP SAP bei ADN ARP DISTRIBUTION OPEN DISTRIBUTION Secunia Secunia bei ADN Vulerability Intelligence Manager (VIM) Corporate Software Inspector (CSI) SGI SGI bei ADN Produktinformationen Beispielkonfigurationen snom snom bei ADN Headsets HP Phone IP DECT IP Phone 300 Series IP Phone 700 Series IP Phone 800 Series Lizenz Snom UC Edition MeetingPoint PA1 Telefon Zubehör Swyx Swyx bei ADN Swyx Ware 2013 Swyx Ware Option Packs 2013 Verbindungs Optionen Endgeräte Bundle Zubehör Sybase-iAnywhere Sybase-iAnywhere bei ADN Datenbankmanagement Modellierung und Entwicklung DataWindow.NET InfoMaker PocketBuilder Unicon Unicon bei ADN Violin Violin bei ADN 6000 Series Flash Memory Arrays Maestro 2510 Memory Appliance Violin Flash Array WatchGuard WatchGuard bei ADN not for resale Access Points Autodoc XTM XTMv XCS XCSv SSL Legacy Borderware Mobile VPN Options Firebox Storecode=default ActiveChilden=0 Virtual Computing Storecode=default ActiveChilden=0 Thin Clients Storecode=default ActiveChilden=0 VoIP Storecode=default ActiveChilden=0 Storage Storecode=default ActiveChilden=0 Security Storecode=default ActiveChilden=0 Cloud Computing Storecode=akademie_de_de ActiveChilden=29 Akademie Acronis Acronis Klassenraumkurse Webinare Citrix Citrix Klassenraumkurse Online-Training Promotions Webinare Workshops Zertifizierungen Events DataCore DataCore Klassenraumkurse Promotions Webinare Workshops Zertifizierungen Dell Dell Events Webinare Sonicwall Sonicwall Klassenraumkurse Promotions Webinare Workshops Zertifizierungen Dell Wyse Dell Wyse Klassenraumkurse Events Workshops GFI GFI Klassenraumkurse Promotions Webinare Workshops Zertifizierungen GFI MAX GFI MAX Webinare Events Igel Igel Klassenraumkurse Promotions Webinare Workshops Zertifizierungen Imperva Imperva Klassenraumkurse Workshops Webinare KEMP KEMP Webinare Microsoft Microsoft Klassenraumkurse Kompetenztraining Online-Training Promotions Webinare Workshops Zertifizierungen Events Nimble Nimble Workshops Nutanix Nutanix Klassenraumkurse Workshops Palo Alto Palo Alto Klassenraumkurse Webinare Events Workshops Patton Patton Klassenraumkurse Promotions Webinare Workshops Zertifizierungen RES Software RES Software Klassenraumkurse Promotions Webinare Workshops Zertifizierungen SafeNet SafeNet Klassenraumkurse Webinare Workshops Swyx Swyx Klassenraumkurse Promotions Webinare Workshops Zertifizierungen Violin Violin Webinare WatchGuard WatchGuard Klassenraumkurse Webinare Workshops Zertifizierungen Events Webinare Webinare Aktuelle Webinare Webinar-Archiv Workshops Kursübersicht Akademie Service Akademie Service Testcenter Inhouse Training Consulting Standorte Sales-Training Home / ADN.Store / SAP / ARP DISTRIBUTION Ihr ADN-Ansprechpartner: Kai Harbig 02327 9912 140 kai.harbig@adn.de   *zzgl. ges. MwSt. und Transaktionskosten Produkte vergleichen Es ist kein Artikel zum Vergleichen vorhanden. Sortieren nach Position Artikel-Bezeichnung ADN-Artikelnummer Preis Set Product as New from Date Set Product as New to Date Herstellernummer Anzahl 11-20 von 30 Zeige 10 15 20 25 pro Seite Seite: 1 2 3 Herst-Nr. / ADN-Nr. Artikelbezeichnung Neu- produkt Promo- artikel Verfüg- barkeit Lager- bestand Option- artikel Zusatz- info Ver- gleichen Listpreis* Ihr EK-Preis* Bestellen 7011296 03120102010101 SAP BUSINESSOBJECTS BI PLATFORM MOBILE ADD-ON (USER)   V 250,00 € bitte anmelden 7011296-FOR-STD 03120102010102 SAP BUSINESSOBJECTS BI PLATFORM MOBILE ADD-ON (USER) FÜR STD SUPPORT   V 250,00 € bitte anmelden 7011296-FOR-ENT 03120102010103 SAP BUSINESSOBJECTS BI PLATFORM MOBILE ADD-ON (USER) FÜR ENT SUPPORT   V 250,00 € bitte anmelden 7010282-7011296-STD 03120102010104 SAP BUSINESSOBJECTS BI PLATFORM MOBILE ADD-ON (USER) 1 JAHR STD SUPPORT   V 23,00 € bitte anmelden 7008441-7011296-ENT 03120102010105 SAP BUSINESSOBJECTS BI PLATFORM MOBILE ADD-ON (USER) 1 JAHR ENT SUPPORT   V 29,00 € bitte anmelden 7011295 03120102020091 SAP BUSINESSOBJECTS BI PLATFORM (25 USER CONCURRENT SESSION)   V 80.000,00 € bitte anmelden 7011295-FOR-STD 03120102020092 SAP BUSINESSOBJECTS BI PLATFORM (25 USER CONCURRENT SESSION) FÜR STD SUPPORT   V 80.000,00 € bitte anmelden 7011295-FOR-ENT 03120102020093 SAP BUSINESSOBJECTS BI PLATFORM (25 USER CONCURRENT SESSION) FÜR ENT SUPPORT   V 80.000,00 € bitte anmelden 7010282-7011295-STD 03120102020094 SAP BUSINESSOBJECTS BI PLATFORM (25 USER CONCURRENT SESSION) 1 JAHR STD SUPPORT   V 14.400,00 € bitte anmelden 7008441-7011295-ENT 03120102020095 SAP BUSINESSOBJECTS BI PLATFORM (25 USER CONCURRENT SESSION) 1 JAHR ENT SUPPORT   V 17.600,00 € bitte anmelden Sortieren nach Position Artikel-Bezeichnung ADN-Artikelnummer Preis Set Product as New from Date Set Product as New to Date Herstellernummer Anzahl 11-20 von 30 Zeige 10 15 20 25 pro Seite Seite: 1 2 3 Auswahl Currently Shopping by: Auswahl entfernen Kategorie: SAP BUSINESSOBJECTS BI PLATFORM Alles entfernen Einkaufsoptionen Kategorie Concurrent Session (15) User (15) Themenshop Virtual Computing ThinClients VoIP Storage Security Cloud Computing Produktsuche Akademie Citrix Kurse Microsoft Kurse Kursübersicht Zertifizierungen Testcenter Standorte Service & Support ADN Team Kontakt Ihre Mitteilung Supportanfrage Teststellung RMA anfordern Mein Konto Anmelden/Registrieren Warenkorb Bestellübersicht Mein Merkzettel Über ADN Über ADN Jobs / Karriere AGB Einkauf AGB Training AGB Projekte Impressum © 2014 ADN Distribution GmbH ","title":"ADN Distribution /  ARP DISTRIBUTION - SAP - ADN.Store","desc":"ADN zählt zu den am schnellsten wachsenden Value-Added Distributoren in Europa für Cloud Computing, Virtualisierung, Storage, Security, Schulungen und Seminare.","details":{"length":9656,"language":"de","date":"2014/10/31 16:18:40","type":"application/xhtml+xml","country":""},"crawling":{"duration":"1","date":"2014/10/31 16:18:40"},"metas":[{"name":"description","value":"ADN zählt zu den am schnellsten wachsenden Value-Added Distributoren in Europa für Cloud Computing, Virtualisierung, Storage, Security, Schulungen und Seminare."},{"name":"keywords","value":"ADN, Value Added Distributor, Cloud Computing, Virtualisierung, Storage, Security, Schulungen, Zertifizierungen"},{"name":"robots","value":"INDEX,FOLLOW"}],"uri":{"protocol":"https","domain":"de.adn.","url":"https://adn.de/hersteller/sap/arp-distribution?___store=default&cat=8387&dir=asc&order=sku&p=2"}}},{"_index":"de_content_201410","_type":"resourceQ","_id":"http://degerloch-zahnarzt.de/search_by_tag.php?nav_id=548709062212475&nr&search=gebisse&zahnarzt=stuttgart+zahnarzt+stuttgart","_score":1.0, "_source" : {"body":"   Sprechzeiten | Kontakt | Sitemap | Impressum | Datenschutzerklärung Home Behandlungsspektrum Individualprophylaxe Implantate Parodontologie Zahnersatz Funktionstherapie Mundkamera Prothesenreinigung Praxiskonzept Praxislabor Praxisteam Kooperation Service Wegbeschreibung Mitgliedschaften Kontakt Sprechzeiten Notfälle Startseite Seite drucken Seite versenden Es konnte keine Verbindung zur Datenbank aufgebaut werden! Bitte versuchen Sie es später noch einmal! ","title":"Zahnarzt Dr. Hutter Stuttgart: Gebisse","desc":"Zahnarzt Stuttgart - Dr- Hutter, Gebisse","details":{"length":465,"language":"de","date":"2014/10/31 16:18:38","type":"application/xhtml+xml","country":""},"crawling":{"duration":"1","date":"2014/10/31 16:18:38"},"metas":[{"name":"keywords","value":"Individualprophylaxe, Ästhetik, Zahnerhaltung, Implantate, Parodontologie, Zahnersatz, Funktionstherapie, Recallservice, Sportmundschutz, Mundkamera, Prothesenreinigung, Praxiskonzept, Praxis, Sprechzeiten  "},{"name":"description","value":"Zahnarzt Stuttgart - Dr- Hutter, Gebisse "}],"uri":{"protocol":"http","domain":"de.degerloch-zahnarzt.","url":"http://degerloch-zahnarzt.de/search_by_tag.php?nav_id=548709062212475&nr&search=gebisse&zahnarzt=stuttgart+zahnarzt+stuttgart"}}},{"_index":"de_content_201410","_type":"resourceQ","_id":"http://nva-forum.de/nva-board/index.php?act=reg&code=00&s=28373ea49f0e2e9cd3425e6587b425c9","_score":1.0, "_source" : {"body":" NVA-Forum   Hilfe        Suche        Mitglieder        Kalender Willkommen Gast ( Login | Registrieren ) Bestätigungs-Mail erneut senden Startseite Forum WikiNVA Chat Strukturen Fotos Dokumente Zeitleisten Herunterladen   NVA-Forum :: Registrierungsformular Registrierungsanweisung Bitte stelle sicher, dass das Formular vollständig ausgefüllt ist. Fülle das Passwortfeld bitte sorgfältig aus. Es wird eine E-Mail an die angegebene Adresse gesendet. Bitte lese den Inhalt der Mail genau, denn Du benötigst den Link in der Mail, um die Registrierung zu bestätigen.  Registrierungsformular Bitte fülle das Fomular vollständig und sorgfältig aus Bitte wähle einen Benutzernamen! Benutzernamen müssen zwischen 3 und 32 Zeichen lang sein! Bitte wähle ein Passwort! Passwörter müssen zwischen 3 und 32 Zeichen lang sein! Bitte bestätige Dein Passwort durch erneute Eingabe! Es muss exakt dem ersten übereinstimmen! E-Mail Adresse angeben! Du musst eine existierende E-mail Adresse angeben! Bitte gib die E-Mail Adresse nochmals ein! Sicherheitscode-Bestätigung Dein einmaliger Sicherheitscode Wenn Du keine Ziffern oder nur ein defektes Bild siehst, kontaktierebitte den Administrator zur Problembehebung. Bestätige den Sicherheitscode Bitte gebe den 6-stelligen Code, den Du als Bild siehst, ein. Beachte bitte: Nur Zahlen sind erlaubt, eine '0' ist eine numerische Null, nicht der Buchstabe 'O'. Nutzungsbedingungen Bitte lese die Nutzungsbedingungen sorgfältig und wähle die 'Ich stimme zu' Checkbox NUR dann, wenn Du einverstanden bist. Der/Die Forenbesitzer sind für den Inhalt der Mitgliederbeiträge nicht verantwortlich. Wir garantieren keine Richtigkeit, Vollständigkeit oder Nützlichkeit von Beiträgen und sind auch nicht verantwortlich für deren Inhalt. Die Beiträge drücken die Sicht des Autors aus, jedoch nicht zwangsläufig die Sicht dieses Diskussionsforums. Jeder Benutzer, der sich von Beitragsinhalten gestört fühlt, hat jederzeit die Möglichkeit diese zu melden. Der Forenbetreiber besitzt die Möglichkeit, innerhalb eines vertretbaren Zeitraumes Beiträge zu löschen sollten diese nicht den Regeln entsprechen. Durch die Inanspruchnahme dieses Forums verpflichtet sich der Benutzer das Schreiben von wissentlich falschen oder defamierenden, nicht akkuraten, schmähenden, vulgären, hasserfüllten, obzönen, profanen, sexuell orientierten, bedrohenden, das Privatleben einer Person angreifende, oder gegen geltendes Recht verstoßende Beiträge zu unterlassen. Ferner wird erklärt, kein warenzeichengeschütztes Material in Beiträgen zu verwenden, soweit sie nicht Eigentum des Autors oder dieses Diskussionsforums sind. Ich stimme zu  Powered by Invision Power Board(U) v1.3 Final © 2003   IPS, Inc. Skin Created by Scyth ( Shadowillusions.com) ","title":"Registrierungsformular","desc":null,"details":{"length":2754,"language":"de","date":"2014/10/31 16:18:39","type":"application/xhtml+xml","country":""},"crawling":{"duration":"1","date":"2014/10/31 16:18:39"},"metas":[],"uri":{"protocol":"http","domain":"de.nva-forum.","url":"http://nva-forum.de/nva-board/index.php?act=reg&code=00&s=28373ea49f0e2e9cd3425e6587b425c9"}}},{"_index":"de_content_201410","_type":"resourceQ","_id":"http://latex.scharrer-online.de/general/browser/svn-multi/dev?order=size&rev=556","_score":1.0, "_source" : {"body":" Search: Login Preferences About Trac Help/Guide Wiki Timeline Roadmap Browse Source View Tickets Search Downloads Context Navigation Last Change Revision Log source: svn-multi / dev @ 556 View revision: Name Size Rev Age Author Last Change ../ images 552   5 years martin dev/:: Added compile guide section including figure. tests 412   5 years martin svn-multi.dtx:: Renamed svn@fglist to svn@glist. tests/test42.tex:: … example_chap1.tex 1.8 KB 264   5 years martin example_chap1.tex, example_main.tex:: Minor update to the example file. … example_main.tex 2.5 KB 344   5 years martin example_main.tex:: Removed test image. README 2.8 KB 471   5 years martin README:: Updated installation instructions. svn-multi.ins 2.9 KB 334   5 years martin svn-multi-2/svn-multi-pl.dtx:: svn-multi-2/svn-multi.ins:: … Makefile 3.3 KB 552   5 years martin dev/:: Added compile guide section including figure. group_example.tex 8.1 KB 539   5 years martin dev:: Merged feature branch showlatestfile back to dev. svn-multi-pl.dtx 16.4 KB 554   5 years martin svn-multi-pl.dtx:: Removed empty \\svngroup{} if no groups are used. svn-multi.dtx 124.5 KB 556   5 years martin svn-multi.dtx:: Added some new group macros: init, update and write. Property svn:ignore set to *.aux *.fls *.glo *.gls *.hd *.idx *.ilg *.ind *.log *.out *.pdf *.sty *.svn *.svt *.svx *.toc svn-multi.pl group_example_* Property svn:mergeinfo set to /svn-multi/features/docuformat merged eligible /svn-multi/features/implformat merged eligible /svn-multi/features/kvoptions merged eligible /svn-multi/features/showlatestfile merged eligible Note: See TracBrowser for help on using the repository browser. Powered by Trac 0.12.3 By Edgewall Software.   ","title":"\n      dev in svn-multi\n     – General LaTeX Repository\n    ","desc":null,"details":{"length":1711,"language":"en","date":"2014/10/31 16:18:37","type":"application/xhtml+xml","country":""},"crawling":{"duration":"1","date":"2014/10/31 16:18:37"},"metas":[{"name":"ROBOTS","value":"NOINDEX"}],"uri":{"protocol":"http","domain":"de.scharrer-online.latex.","url":"http://latex.scharrer-online.de/general/browser/svn-multi/dev?order=size&rev=556"}}},{"_index":"de_content_201410","_type":"resourceQ","_id":"http://kontakteundadressen.de/a-anneliese_rahn_auktionator_walsumermarkstr._86a__oberhausen_46147_0208675150-1406052.html","_score":1.0, "_source" : {"body":" IT EN DE FR ES US Alle Adressen de Die beste Verzeichnis für deutsche Unternehmen Homepage Fügen Sie Ihre Firma Werbung Warum uns? Suchen Sie eine Firma Unternehmen Page Share: Unter den vielen Wirklichkeiten, die den Sektor charakterisieren VERSTEIGERUNGSGEWERBE, einer der besten deutschen Unternehmen ist ANNELIESE RAHN AUKTIONATOR, dass im Laufe der Zeit wurden dem Fonds beigetragen VERSTEIGERUNGSGEWERBE ein wesentliches Element des wirtschaftlichen Gefüges / deutsch Produktion. Nachfolgend finden Sie Adresse, Telefonnummer, E-Mail und mehr zu finden... ANNELIESE RAHN AUKTIONATOR Anschrift: WALSUMERMARKSTR. 86A Kategorie: VERSTEIGERUNGSGEWERBE Postleitzahl: 46147 Stadt: OBERHAUSEN Tel.: 0208675150 Sie müssen diese Informationen zu aktualisieren oder löschen? Klicken Sie: MODIFY || CANCEL     Wo wir sind Kontaktieren Sie uns   Name: Post:   Betreff Nachricht:   Nachricht:   AGB         Möchten Sie Ihr Unternehmen registrieren? Wir bieten Ihnen drei Möglichkeiten, Sie in unserem Archiv hinzufügen. Sowohl für die Basis-und die VIP-Pack, garantieren wir den embed innerhalb von 7 Tagen nach Ihrer Anfrage. Finden Sie heraus, alle Vorteile zu unserem Portal wählen. Tragen Sie Ihr Unternehmen! 1. FREE Try FREE for a year! Appears under the BASE Companies Link to our portal mandatory Reciprocal link after activation Try Now! 2. STANDARD 19 € 19,00 € / year Appears above the FREE companies Entries in 7 days guaranteed Reciprocal Link is not necessary Subscribe now! 3. PREMIUM 39 € 39,00 € / year Appears above the BASE companies Incl. logo, address and ph. number 4 links to inner pages of your site Subscribe now!   A-D Kategorien (355) ARCHITEKTURBÜROS, APPARATUS, BEER, BERUFSBEKLEIDUNG, DATENVERARBEITUNGSDIENSTE, DISPOSABLE, ANORGANISCHE, DOORS, AMBULANTE, CD-ROM, DIGITAL, DOLOMITSTEIN, CARPENTER'S, ADVERTISING, AERIAL, CENTRIFUGAL, BATH, BAUSTOFFE, AIR-CONDITIONERS, DENTAL, CATALOGUES, CUSTOMIZED, BANDWEBEREI, BEKLEIDUNGSGEWERBE, DIE, ADHESIVES, CERAMIC, DÄMMUNG, ABFALLBESEITIGUNG, BÜROMÖBEL, , Alle kategorien E-H Kategorien (358) FREIGHT, FOUNDRY, FITTING, FLUGZEUGE, FLOORING, EPS, HOLZGEWERBE, ERDEN, ELECTRICAL, GARTENBAU, GEMÜSEBAU, FENCES, GEBRAUCHSGÜTER, ELECTROSTATIC, FITTINGS, EARTH, FREIZEIT, GROUPAGE, GASINSTALLATION, HEAVY, ERFRISCHUNGSGETRÄNKE, HOLZ, HYDRAULIC, GELATINE, FAÇADE, FISCHZUCHT, ELEKTRIZITÄTSVERTEILUNG, FRESH, GAS, ENVIRONMENTAL, , Alle kategorien I-L Kategorien (151) LOCAL, IMMOBILIENMAKLER, JOURNALISTEN, LADIES', KOMPONISTEN, KITCHEN, ILLUMINATION, KERAMISCHE, LABORATORY, KOMPRESSOREN, KÜRSCHNERWAREN, LIFT, LIQUEURS, LAMPEN, KORKWAREN, LIGHTWEIGHT, KÜHLHÄUSER, KOMPLEMENTÄRGESELLSCHAFTEN, KURZWAREN, LIGHT, LAGERBEHÄLTER, INFRARED, KERAMIK, LITERATURE, KIES, INSULATING, LONG-KEEPING, INDUSTRIE, KONTROLLINSTRUMENTE, KÜNSTLER, , Alle kategorien M-P Kategorien (226) MÖBELSTOFFE, MULTI-MEDIA, PULLOVER, PAD, POSTBRIEFDIENSTE, PAPIERVERARBEITUNG, PLASMA, ONLINE, MACHINE, PLANT, METALL, PERSONNEL, PRECIOUS, ORCHESTER, PLASTIC, MISCELLANEOUS, NAHRUNGSMITTEL, MINERALBRUNNEN, MEASUREMENT, PUMPEN, ORGANISCHE, PAPIERGEWERBE, MILCHVIEHHALTUNG, PHARMAZEUTISCHE, MASCHINENBAU, PATENTANWALTSKANZLEIEN, NÄHMASCHINEN, PARQUET, PASSENGER, PERSONENSCHUTZDIENSTE, , Alle kategorien Q-T Kategorien (236) TORFGEWINNUNG, SCHAUSPIELER, ROHRVERSCHLUßSTÜCKE, TRINKHALLEN, SANITÄRKERAMIK, TREE, STRAßENBAU, SURGICAL, SCHNEIDWAREN, RECHTSSCHUTZ, TEXTILIEN, SCHIFFSMAKLERBÜROS, SPIELBANKEN, SCHANKWIRTSCHAFTEN, SEA, SPORTPROMOTER, SCHIFFFAHRT, TRANSFORMATOREN, SOFTWAREBERATUNGEN, SILBERSCHMIEDEWAREN, SÜßWAREN, SCHLACHTEN, TURNKEY, TRANSLATION, SPECIAL, ROOF, STEUERBERATER, SITZMÖBEL, SIGNALGERÄTE, SCHREIBBÜROS, , Alle kategorien U-Z Kategorien (112) WERBEARTIKEL, WERKSTATT, YACHTBAU, WEIN, VENEERS, VERMITTLUNG, WEBEREI, WERBEFILME, VERSICHERUNGSGEWERBE, WOODWORKING, WOHLFAHRTSVERBÄNDE, WINE, ZEMENT, WOOD, ZIGARETTEN, UNTERHALTUNG, WÄSCHE, WÄRMEBEHANDLUNG, WORKING, WIRE, VERPACKUNGEN, UMZUGSVERKEHR, ZEMENTERZEUGNISSE, ZEITSCHRIFTEN, VIDEOTECHNISCHE, VERSICHERUNGSMAKLER, WAREHOUSE, UNFALLVERSICHERUNG, VERPACHTUNG, VIDEOFILMHERSTELLUNG, , Alle kategorien © 2014 All Rights Reserved - BASH WEB LTD - London, N12 0DR, UK Impressum    Disclaimer    Privacy    Terms and Conditions ","title":"ANNELIESE RAHN AUKTIONATOR - WALSUMERMARKSTR. 86A -  OBERHAUSEN - 46147 - 0208675150 - VERSTEIGERUNGSGEWERBE","desc":"One of the best VERSTEIGERUNGSGEWERBE companies: ANNELIESE RAHN AUKTIONATOR - WALSUMERMARKSTR. 86A -  OBERHAUSEN - 46147 - 0208675150","details":{"length":4230,"language":"de","date":"2014/10/31 16:18:40","type":"application/xhtml+xml","country":""},"crawling":{"duration":"1","date":"2014/10/31 16:18:40"},"metas":[{"name":"description","value":"One of the best VERSTEIGERUNGSGEWERBE companies: ANNELIESE RAHN AUKTIONATOR - WALSUMERMARKSTR. 86A -  OBERHAUSEN - 46147 - 0208675150"},{"name":"keywords","value":"ANNELIESE RAHN AUKTIONATOR -  OBERHAUSEN - 46147  find map, fax, phone number, address, directions"},{"name":"robots","value":"index, follow"}],"uri":{"protocol":"http","domain":"de.kontakteundadressen.","url":"http://kontakteundadressen.de/a-anneliese_rahn_auktionator_walsumermarkstr._86a__oberhausen_46147_0208675150-1406052.html"}}},{"_index":"de_content_201410","_type":"resourceQ","_id":"http://dicketittenvideo.de/siopao+asado.htm?action=show&id=b7r45uykmwu&t=sg93ihrvig1ha2ugu2lvcgfviefzywrvihrozsbwyw5syxnhbmdwaw5vesb3yxkuifroaxmgc3rlyw1lcib3b3jrcyb3zwxsigzvcibzaw9wyw8gahr0cdovl2jpdc5ses8xodf2ru9alibhzxqgdghligrldgfpbhmgb2ygdghpcybyzwnpcgugagvyzsbodhrwoi8vcgfubgfzyw5ncglub3kuy29tlziwmdkvmdgvmdcvag93lxrvlw1ha2utag9tzs1tywrllxnpb3bhby1hc2fkby1yzwnpcguv","_score":1.0, "_source" : {"body":" Die Dicke-Titten-Seiten Die besten Videos zum Thema Dicke Titten Siopao Asado TIPPS VON DICKETITTENVIDEO.DE - EXCLUSIV FÜR UNSERE BESUCHER: Wenn Du Dich hier anmeldest und dabei den Code CD9X8 angibst, bekommst du 5 Tage zusätzlich kostenlosen Zugang zum großen Erotikarchiv mit Fotos, Videos, Livestreams,... Anmeldung How to make Siopao Asado the panlasangpinoy way. This steamer works well for siopao http://bit.ly/181vEOZ. Get the details of this recipe here http://panlasangpinoy.com/2009/08/07/how-to-make-home-made-siopao-asado-recipe/ Die Dicke-Titten-Seiten | Impressum | Kontakt   Menü Videos Kontakt Impressum Sexy Girls Ähnliche Videos ","title":"Siopao Asado | Die Dicke-Titten-Seiten","desc":null,"details":{"length":649,"language":"de","date":"2014/10/31 16:18:37","type":"application/xhtml+xml","country":""},"crawling":{"duration":"1","date":"2014/10/31 16:18:37"},"metas":[{"name":"google-site-verification","value":"onja0VofWX9VmScLU9S-RK6q2X1P9Zwhs5d8vaKp8WA"}],"uri":{"protocol":"http","domain":"de.dicketittenvideo.","url":"http://dicketittenvideo.de/siopao+asado.htm?action=show&id=b7r45uykmwu&t=sg93ihrvig1ha2ugu2lvcgfviefzywrvihrozsbwyw5syxnhbmdwaw5vesb3yxkuifroaxmgc3rlyw1lcib3b3jrcyb3zwxsigzvcibzaw9wyw8gahr0cdovl2jpdc5ses8xodf2ru9alibhzxqgdghligrldgfpbhmgb2ygdghpcybyzwnpcgugagvyzsbodhrwoi8vcgfubgfzyw5ncglub3kuy29tlziwmdkvmdgvmdcvag93lxrvlw1ha2utag9tzs1tywrllxnpb3bhby1hc2fkby1yzwnpcguv"}}},{"_index":"de_content_201410","_type":"resourceQ","_id":"http://der-weinfleck.de/wein/spanien/?f=1674%7c411%7c446%7c1690&p=1","_score":1.0, "_source" : {"body":" Sicher einkaufen Trusted Shops zertifiziert mit Trusted Shops Geld-zurück-Garantie Der Weinfleck - Weine und Spezialitäten Service/Hilfe Versand Bequem zahlen Einfach bestellen Widerrufsrecht Öffnungszeiten Kontakt Mein Konto Merkzettel   Warenkorb Warenkorb 0,00 €* Positionen anzeigen     Home Wein Bio PRICKELND LIKÖRE & BRÄNDE FEINES PROBIERPAKETE SCHNAPPZU Bag-in-Box   Der Weinfleck - Weine und Spezialitäten / Wein / Spanien Spanien Weißwein Rosé Rotwein Italien Frankreich Österreich Portugal Deutschland Argentinien Filtern nach: Weinart + Rotwein Weißwein Land + Spanien Alle anzeigen Anbaugebiet + Rueda La Mancha Emporda Jahrgang + 2013 2011 2007 Rebsorte + Tempranillo Garnacha Blanca Verdejo Alkohol + 13% Alle anzeigen Geschmack + trocken Restzucker + <2 g/L Säuregehalt + 5.8 g/L Verschluss + Kork Alle anzeigen Flaschenart + Bordeaux-Flasche Trinkempfehlung bis ca. + 2015 Alle anzeigen Erzeuger + Acustic Celler - Montsant Bodegas Abadal - Pla de Bages Bodegas Antonio Arraez Bodegas Baron de Ebro Bodegas Crin Roja Bodegas Diez Siglos de Verdejo - Rueda Bodegas Enguera - Valencia Bodegas Gracia Hermanos Bodegas Jeromin Bodegas Juan Alcorta - Rioja Bodegas Los Frailes Bodegas Marco Real - Navarra Bodegas Mas Comtal Penedes Bodegas Miguel Calatayud Bodegas Mustiguillo - Utiel Requena Valencia Bodegas Obergo - Somontano Bodegas Otero - Castilla y Leon Bodegas Rafael Cambra - Valencia Bodegas Ramon Roqueta 1898 Bodegas Rejadorada - Toro Bodegas Solar de Urbezo - Carinena Bodegas Tamaral Bodegas Vinedos de Villaester - Toro Bodegas Virgen de Galir Bodegas Xalo Jalon - Alicante Bodegas Ysios Castellroig Sabate i Coca Celler Ardevol - Porrera Priorat Celler Cal Costas - Penedes Celler Coma d'en Bonet Celler de Capcanes - Montsant Celler de l'Encastell Crismona Destilerias La Navarra Jane Ventura kein Hersteller La Bodega de Pinoso La Bodega de Pinoso - Alicante Lafou Celler Maetierra Dominum Paco & Lola Adega e Vinedos Pago de Montal Perez Barquero Tomas Cusine Vall de Baldomar Vinedos de Aldeanueva Vinedos Picos de Garay Vinicola de Sarral Vinicola de Tomelloso - La Mancha Vins y Vinyes Binigrau Vinyes d'Olivardots Vinyes d'Olivardots - Emporda   Sicher einkaufen Trusted Shops zertifiziert   Spanien Erscheinungsdatum Beliebtheit Niedrigster Preis Höchster Preis Artikelbezeichnung Artikel pro Seite: 12 24 36 48   Tamaral Verdejo 2013 Inhalt: 0.75 Liter (9,13 € * / 1 Liter) ab 6,85 € * Zum Produkt Merken Bestellen Blanc de Gresa 2011 Inhalt: 0.75 Liter (19,47 € * / 1 Liter) ab 14,60 € * Zum Produkt Merken Bestellen Finca Cerrada Crianza 2007 Inhalt: 0.75 Liter (6,60 € * / 1 Liter) ab 4,95 € * Zum Produkt Merken   Tagwolke Gavanza Vintae Diez Siglos Anjoli 2011 Ramon Roqueta Lasendal 2010 Azpilicueta Auditori Azabache Ramon Roqueta Crin Roja Abadal Blanc Binigrau Negre Grego Crianza Azabache Mala Vida Tinto Marco Real Blanc de Gresa Coma d en Romeu After 3 Vino 4 X Pinot Noir Bahia de Denia Abadal Picapoll Urbezo Dance Megala Premium Finca Cerrada Azabache Costers del Enguera Crianza Bilogia 2009 Lafou Tinto Gresa Expressio Rejadorada Valleoscuro VO Tamaral Crianza Bag-in-Box Mistela Vall de Canto Real Probierpaket Distinto 2011 Vinya Nostra Rosum Tinto Flor de Bahia de Denia El Bon Homme   Der Weinfleck Profil | Über uns Bio zertifiziert Weinmesse Allgäu Veranstaltungen Öffnungszeiten Kundenservice Versand Bequem zahlen Einfach bestellen Widerrufsrecht Wein günstig kaufen Informationen Händlerpreisliste AGB Datenschutz Impressum Blog News Tipps Support & Kontakt Memmingen Kontakt Soziales Netzwerk Newsletter Newsletter abonnieren und Rabatt-Gutschein kassieren! * Alle Preise inkl. gesetzl. Mehrwertsteuer zzgl. Versandkosten und ggf. Nachnahmegebühren, wenn nicht anders beschrieben Copyright © - Alle Rechte vorbehalten ","title":"\nSpanien | Der Weinfleck - Weine und Spezialitäten    ","desc":"Weine aus Spanien. Riesenauswahl. Günstige Preise. Abholen oder online versandkostenfrei bestellen...","details":{"length":3784,"language":"de","date":"2014/10/31 16:18:41","type":"application/xhtml+xml","country":""},"crawling":{"duration":"1","date":"2014/10/31 16:18:41"},"metas":[{"name":"author","value":"Der Weinfleck e.K. - Jochen Kern"},{"name":"copyright","value":"Der Weinfleck e.K. - Jochen Kern"},{"name":"robots","value":"noindex,follow"},{"name":"revisit-after","value":"15 days"},{"name":"keywords","value":"spanische Weine, vinos, Weine aus Spanien, tinto, rosado, blanco, crianza, reserva, gran reserva"},{"name":"description","value":"Weine aus Spanien. Riesenauswahl. Günstige Preise. Abholen oder online versandkostenfrei bestellen..."},{"name":"viewport","value":"width=1150"},{"name":"msapplication-navbutton-color","value":"#dd4800"},{"name":"application-name","value":"Der Weinfleck - Weine und Spezialitäten"},{"name":"msapplication-starturl","value":"http://www.der-weinfleck.de/"},{"name":"msapplication-window","value":"width=1024;height=768"}],"uri":{"protocol":"http","domain":"de.der-weinfleck.","url":"http://der-weinfleck.de/wein/spanien/?f=1674%7c411%7c446%7c1690&p=1"}}},{"_index":"de_content_201410","_type":"resourceQ","_id":"http://aquesta.de/worte-index/jagdspeere/","_score":1.0, "_source" : {"body":" Informationen & Hilfe Forum Login Partner Kontakt Impressum Rechtliche Hinweise Schlagwort-Index Personen-Index Orte-Index Zur gesamten Bücher-Datenbank Suche in Aquesta Suche bei Google   Bücher & Textdatenbank  Belletristik  Geschichte  Philosophie  Psychologie Webdesign @ Pixel-Partisan.de Projekte: Lexikon der Abkürzungen Online-Bibel Bilder von Insekten Webdirectory Schlagwort: Jagdspeere Übersicht - a b c d e f g h i j k l m n o p q r s t u v w x y z Seite 1 von 1      7. Kapitel - Das griechische Europa -> ... in der Literatur der Kaiserzeit wie Dions schon erwaehnte euboeische Idylle: sie schildert die Existenz zweier Jaegerfamilien im einsamen Walde, deren Vermoegen acht Ziegen sind, eine Kuh ohne Horn und ein schoenes Kalb, vier Sicheln und drei Jagdspeere, welche weder von Geld noch von Steuern etwas wissen, und die dann, vor die tobende Buergerversammlung der Stadt gestellt, von dieser schliesslich unbehelligt entlassen werden zum Freuen und zum Freien. Die reale Durchfuehrung dieser poetisch ... Geschichte -> Theodor Mommsen -> Roemische Geschichte - 8. Buch -> 7. Kapitel - Das griechische Europa Seite 1 von 1      Schlagwort-Index a b c d e f g h i j k l m n o p q r s t u v w x y z Personen-Index a b c d e f g h i j k l m n o p q r s t u v w x y z Orte-Index a b c d e f g h i j k l m n o p q r s t u v w x y z Häufige Suchbegriffe: ","title":"Jagdspeere","desc":"Jagdspeere","details":{"length":1368,"language":"de","date":"2014/10/31 16:18:41","type":"text/html","country":""},"crawling":{"duration":"1","date":"2014/10/31 16:18:41"},"metas":[{"name":"robots","value":"index, follow, all"},{"name":"google-site-verification","value":"PNn31XqnePVzNdBcgo8dhcypbL599K2RtVG49n33JWg"},{"name":"rating","value":"general"},{"name":"language","value":"de, ch, lu, at"},{"name":"keywords","value":"Bücher, Jagdspeere, Online-Bibliothek"},{"name":"description","value":"Jagdspeere"},{"name":"author","value":"Pixel-Partisan Webdesign"},{"name":"publisher","value":"Pixel-Partisan"},{"name":"distribution","value":"global"},{"name":"page-topic","value":"Aquesta, Digitale Bibliothek, Online-Bibliothek"},{"name":"revisit-after","value":"7 days"},{"name":"MSSmartTagsPreventParsing","value":"true"}],"uri":{"protocol":"http","domain":"de.aquesta.","url":"http://aquesta.de/worte-index/jagdspeere/"}}},{"_index":"de_content_201410","_type":"resourceQ","_id":"http://tinwhistle.de/forum/viewtopic.php?p=1694&sid=0d373b90f9b21f363d75342ab20c01c3","_score":1.0, "_source" : {"body":" tinwhistle.de - Forum ein kostenloser Service für Freunde und Kunden des TWZ - Tin Whistle Zentrum Deutschland Anmelden    Registrieren FAQ     Suche Aktuelle Zeit: Sa Jul 05, 2014 1:13 pm Unbeantwortete Themen | Aktive Themen Foren-Übersicht » Off Topic » Off Topic Alle Zeiten sind UTC + 1 Stunde \"Bergtaschenwhistle\"    Seite 1 von 1  [ 11 Beiträge ]    Druckansicht Vorheriges Thema | Nächstes Thema  Autor Nachricht susa   Betreff des Beitrags: \"Bergtaschenwhistle\" Verfasst: Mo Apr 07, 2008 5:39 pm  Registriert: Mi Mär 22, 2006 6:53 pm Beiträge: 168 Wohnort: Neuwied, Deutschland Hab hier was Seltsames entdeckt - da baut einer \"Bergtaschenwhistles\" und spielt so Whistlemusik..unter anderem natürlich. Check it out http://www.mountainsocarina.com/ Hab mir das Ocarina - Doppelpack bestellt, hoff, dass es bald kommt und dich euch 'ne Meinung mitteilen kann. _________________ http://www.kabbalah.info/germankab/ www.ukulelemania.it index.php http://whistle.xooit.fr/index.php http://theocarinanetwork.com/index Nach oben       ronja   Betreff des Beitrags: Verfasst: Mo Apr 07, 2008 7:04 pm  Registriert: Fr Mär 21, 2008 9:11 am Beiträge: 13 Wohnort: noch nähe kassel hört sich gut an und so klein und fein. aber man kann ja aus allem ein musikinstrument machen da brauch man sich nicht so sehr zu wundern. wenn andere mit mülltonen und besen musik machen. wird man noch mehr verrückte oder ausgefallene instrumente sehn Gruß ronja Nach oben       slarti   Betreff des Beitrags: Verfasst: So Apr 13, 2008 10:38 pm  Registriert: Mo Jan 29, 2007 12:14 am Beiträge: 96 Wohnort: Hamburg Hallo Susa, hört sich ja cool an, aber bei solchen Aufnahmen kann man ziemlich manipulieren. Bin ja mal gespannt, wie Du damit zufrieden bist. Können die nur eine Qktave oder kann man die auch überblasen? Ich habe übrigens in Anspielung auf's tin-whistlen mal eine Tonflöte geschenkt bekommen, kann aber leider (noch) nicht darauf spielen. Die kann sich, glaube ich, auch ganz gut anhören und ist sehr handlich. Gruß, Slarti Nach oben       susa   Betreff des Beitrags: Verfasst: Mo Apr 14, 2008 2:17 pm  Registriert: Mi Mär 22, 2006 6:53 pm Beiträge: 168 Wohnort: Neuwied, Deutschland Nu, ich hab die Dinger noch nicht... Die können 1 Oktave und ein paar Töne drüber, aber die können auch die Halbtöne. Sind sehr atemdruckanfällig, denk ich. Mal sehen, was da so auf mich zukommt. Für meine experimentellen Musizierversuche sind sie bestimmt ganz nett... Und sehr handlich... Die Tonflöte mit den vier Frontlöchern ist bestimmt schwieriger zu spielen, weil die Fingerkombinationen etwas komplizierter sind und nicht so ganz logisch wie bei der tinwhistle, Blockflöte oder Mountain ocarina. Aber auch hier wird der Atemdruck eine große Rolle spielen. LG Susa' _________________ http://www.kabbalah.info/germankab/ www.ukulelemania.it index.php http://whistle.xooit.fr/index.php http://theocarinanetwork.com/index Nach oben       Jannis   Betreff des Beitrags: Verfasst: So Jul 04, 2010 12:19 pm  Registriert: Di Jun 29, 2010 3:50 pm Beiträge: 18 Wohnort: Frankfurt/M. Hallo susa, entschuldige, daß ich hier sowas Altes ausgrabe, aber was ist eigentlich daraus geworden? Taugen die was? Lg, Jannis Nach oben       susa   Betreff des Beitrags: Verfasst: Mo Jul 05, 2010 10:07 am  Registriert: Mi Mär 22, 2006 6:53 pm Beiträge: 168 Wohnort: Neuwied, Deutschland Von der Robustheit her sind die Klasse. Der Klang ist für eine Ocarina eher laut und rauh, was für irische Musik an und für sich nicht ganz verkehrt ist. Der Klang bessert sich, je besser der Spieler wird... Inzwischen könnte ich vom Klang her eher die Plastik-Ocarinas von Focalink, Noble oder Solist empfehlen. Natürlich kann man auch sehr gute/bessere Keramikocarinas finden, aber ich ziehe eben Bruchsicherheit vor...weil ich mich kenne ... Ich hoffe, mit der Nennung der 3 Ocarinamarken nicht die Admins dieses Forums geärgert zu haben - ich gehe davon aus, das Ocarinas keine Whistles oder Flutes sind, sondern eine für sich stehende Instrumentengruppe, die sich ihrerseits nochmal in 3 Gruppen aufteilt: Pendant, Transverse und Inline, wozu letztere MountainOcarinas gehören. Da mein oben angegebener Link zu den Mountain-Ocarinas nicht gelöscht wurde, gehe ich davon aus, dass dies vom Adminteam verstanden wurde. Genaueres kannst du im englischprachigen Ocarinaforum http://theocarinanetwork.com/index/ nachlesen. Auf der Ocarina kannst du die irischen Verzierungstechniken sehr gut anwenden. Die Griffe sind ähnlich, jedoch nicht völlig gleich. _________________ http://www.kabbalah.info/germankab/ www.ukulelemania.it index.php http://whistle.xooit.fr/index.php http://theocarinanetwork.com/index Nach oben       Jannis   Betreff des Beitrags: Verfasst: Mo Jul 05, 2010 11:00 am  Registriert: Di Jun 29, 2010 3:50 pm Beiträge: 18 Wohnort: Frankfurt/M. Danke für all die infos. Verrückt, mir juckt es in den Fingern. Okarina würde ich neben Harmonika und Whistle auch noch gern spielen. Meine alten Blockflöten, die seit Jahren nur noch als Deko dienten habe ich auch wieder vorgekramt. Ich hab' auch zwei Bambusflöten, mal in Indien gekauft. Die kleine, die wie eine whistle ist, ist leider geborsten und nicht mehr spielbar. Und die größere ist wie eine Querflöte, da krieg ich nicht so richtig Töne raus. LG, Jannis Nach oben       susa   Betreff des Beitrags: Verfasst: Mo Jul 05, 2010 4:45 pm  Registriert: Mi Mär 22, 2006 6:53 pm Beiträge: 168 Wohnort: Neuwied, Deutschland Wenn du mal Blockflöte gespielt hast, ist Ocarina eigentlich sehr leicht für dich zu lernen. _________________ http://www.kabbalah.info/germankab/ www.ukulelemania.it index.php http://whistle.xooit.fr/index.php http://theocarinanetwork.com/index Nach oben       Jannis   Betreff des Beitrags: Verfasst: Mo Jul 05, 2010 5:21 pm  Registriert: Di Jun 29, 2010 3:50 pm Beiträge: 18 Wohnort: Frankfurt/M. Ach, vor dem Lernen hab ich auch keine Angst. Nun bleibt nur noch die Qual der Wahl. Ich tendiere auch erstmal zu so einer Plastikoki. Ich hab' nur noch nicht rausgefunden, wo man die auch in Deutschland beziehen kann. LG Jannis Nach oben       susa   Betreff des Beitrags: Verfasst: Mo Jul 05, 2010 8:37 pm  Registriert: Mi Mär 22, 2006 6:53 pm Beiträge: 168 Wohnort: Neuwied, Deutschland Die Mountain Ocarinas gar nicht, soweit ich weiß. Du musst in den sauren Apfel beissen und etwas Einfuhrsteuer (und bei einem höheren Einkaufswert, ich glaube ab 150 Euro auch Zoll) bezahlen. Wenn alles gut geht, fragt dich die Post nach dem entsprechenden Geld. Wenn nicht, musst du im Zollamt vortanzen, aber selbst das ist nicht allzu qualvoll. Es kann sogar lustig sein. Ein mir bekannter Ukulelenbauer hat sich einmal aus den Staaten einen ordentlich großen Karton mit Saiten bestellt. Saiten sind bekanntlich auf Englisch \"strings\". Das stand auch auf dem Karton drauf. Nun wollten sich die Zollbeamten amüsieren und den Besteller dieser vielen \"Stringtangas\" mal sehen und ihn auch gleich mal dadurch demütigen, dass er das Paket vor ihren Augen öffnen musste. Was der dann auch tat. Den Beamten fiel daraufhin die Kinnlade herunter. Zoll kann lustig sein! Als ich meine Mountains bestellt habe (nunmehr schon Jahre her), hatte ich keine Zollprobleme. Die Post behielt sich das Paket und ich bekam es erst nach Zahlung der Einfuhrgebühren. Ein anderes Mal hatte ich Kazoos bestellt. Der Zoll hielt diese für gefährliche Waffen. Erst als ich die Funktionsweise dieser Instrumente vorführte, wurden die Herren etwas entspannter. Ansonsten findest du bei der Eingabe von plastic ocarina beu ebay die o.g. Marken. Hier hatte ich keine Zollprobleme. Toll ist die grüne ZIN plastic tenor, die Plastik-Solist (Alt!) und die Noble sind gut. Noch besser sind die Focalink plastik - Sopran und die neue Focalink Plastic-Alt, die jedoch gerade erst auf den Markt gekommen ist. Letztere kann man nur per Mail beim Hersteller beziehen, ich habe sie noch nicht. _________________ http://www.kabbalah.info/germankab/ www.ukulelemania.it index.php http://whistle.xooit.fr/index.php http://theocarinanetwork.com/index Nach oben       Jannis   Betreff des Beitrags: Verfasst: Di Jul 06, 2010 12:51 am  Registriert: Di Jun 29, 2010 3:50 pm Beiträge: 18 Wohnort: Frankfurt/M. nochmals vielen Dank! Dabei hatte ich heute schon mal bei ebay geguckt, allerdings nicht das Stichwort \"plastic\" eingegeben. Ich habe mir jetzt die alto C \"NEW Noble dark red plastic sweet potato flute ocarina\" geordert. Nun bin ich gespannt. Nach oben       Beiträge der letzten Zeit anzeigen: Alle Beiträge 1 Tag 7 Tage 2 Wochen 1 Monat 3 Monate 6 Monate 1 Jahr  Sortiere nach Autor Erstellungsdatum Betreff Aufsteigend Absteigend     Seite 1 von 1  [ 11 Beiträge ]  Foren-Übersicht » Off Topic » Off Topic Alle Zeiten sind UTC + 1 Stunde Wer ist online? Mitglieder in diesem Forum: 0 Mitglieder und 0 Gäste Du darfst keine neuen Themen in diesem Forum erstellen. Du darfst keine Antworten zu Themen in diesem Forum erstellen. Du darfst deine Beiträge in diesem Forum nicht ändern. Du darfst deine Beiträge in diesem Forum nicht löschen. Du darfst keine Dateianhänge in diesem Forum erstellen. Suche nach: Gehe zu:  Wähle ein Forum aus ------------------ Rund ums TWZ    Unsere Forums Regeln    TWZ News und Downloads    Referenzen \"Wissln lernen\"    Anfänger Tin Whistle Forum    Tin Whistle Forum für Fortgeschrittene    Low Tin Whistle Forum    Kwela, Pennywhistle-Jive Forum Veranstaltungskalender    Termine, Bands, Festivals und Co.    Tin Whistle Workshops Off Topic    Off Topic Members Music    Meine Tin Whistle Musik  Powered by phpBB® Forum Software © phpBB Group Deutsche Übersetzung durch phpBB.de ","title":"tinwhistle.de - Forum • Thema anzeigen - \"Bergtaschenwhistle\"","desc":null,"details":{"length":9608,"language":"de","date":"2014/10/31 16:18:41","type":"application/xhtml+xml","country":""},"crawling":{"duration":"1","date":"2014/10/31 16:18:41"},"metas":[{"name":"resource-type","value":"document"},{"name":"distribution","value":"global"},{"name":"keywords","value":""},{"name":"description","value":""}],"uri":{"protocol":"http","domain":"de.tinwhistle.","url":"http://tinwhistle.de/forum/viewtopic.php?p=1694&sid=0d373b90f9b21f363d75342ab20c01c3"}}},{"_index":"de_content_201410","_type":"resourceQ","_id":"http://conjf.cactus2000.de/showverb.php?verb=ouiller","_score":1.0, "_source" : {"body":"   Cactus2000 | Impressum | Suchen | Änderungen | Spenden | Email   Französische Konjugationstabellen A B C D E F G H I J K L M N O P Q R S T U V W X Y Z Übersicht Durchsuchen Sie unsere Datenbank Suchen Sie eine Konjugationstabelle, geben Sie eine kurze Buchstabenfolge (mindestens 4) des gesuchten Verbs in das hellblaue Feld ein und klicken den Knopf \"Tabelle\". Zur Bestimmung einer Form geben Sie den Ausdruck vollständig in das rosa Feld ein und klicken den Knopf \"Form\". Die Konjugationstabelle wurde mit den Algorithmen des KonjugationsHasen erzeugt. Probleme mit der Konjugation? Probieren Sie den KonjugationsIgel zum Üben. Konjugation: ouiller [tr] AUSSAGESATZ Verneinung ACTIF passif pronominal indicatif présent j'ouille tu ouilles il/elle ouille nous ouillons vous ouillez ils/elles ouillent indicatif imparfait j'ouillais tu ouillais il/elle ouillait nous ouillions vous ouilliez ils/elles ouillaient indicatif passé simple j'ouillai tu ouillas il/elle ouilla nous ouillâmes vous ouillâtes ils/elles ouillèrent indicatif futur simple j'ouillerai tu ouilleras il/elle ouillera nous ouillerons vous ouillerez ils/elles ouilleront indicatif passé composé j'ai ouillé tu as ouillé il/elle a ouillé nous avons ouillé vous avez ouillé ils/elles ont ouillé indicatif plus-que-parfait j'avais ouillé tu avais ouillé il/elle avait ouillé nous avions ouillé vous aviez ouillé ils/elles avaient ouillé indicatif passé antérieur j'eus ouillé tu eus ouillé il/elle eut ouillé nous eûmes ouillé vous eûtes ouillé ils/elles eurent ouillé indicatif futur antérieur j'aurai ouillé tu auras ouillé il/elle aura ouillé nous aurons ouillé vous aurez ouillé ils/elles auront ouillé subjonctif présent j'ouille tu ouilles il/elle ouille nous ouillions vous ouilliez ils/elles ouillent subjonctif imparfait j'ouillasse tu ouillasses il/elle ouillât nous ouillassions vous ouillassiez ils/elles ouillassent subjonctif passé j'aie ouillé tu aies ouillé il/elle ait ouillé nous ayons ouillé vous ayez ouillé ils/elles aient ouillé subjonctif plus-que-parfait j'eusse ouillé tu eusses ouillé il/elle eût ouillé nous eussions ouillé vous eussiez ouillé ils/elles eussent ouillé conditionnel présent j'ouillerais tu ouillerais il/elle ouillerait nous ouillerions vous ouilleriez ils/elles ouilleraient conditionnel passé 1re forme j'aurais ouillé tu aurais ouillé il/elle aurait ouillé nous aurions ouillé vous auriez ouillé ils/elles auraient ouillé conditionnel passé 2e forme j'eusse ouillé tu eusses ouillé il/elle eût ouillé nous eussions ouillé vous eussiez ouillé ils/elles eussent ouillé infinitif ouiller avoir ouillé impératif présent ouille ouillons ouillez impératif passé aie ouillé ayons ouillé ayez ouillé participe présent ouillant participe passé ouillé ayant ouillé A B C D E F G H I J K L M N O P Q R S T U V W X Y Z Übersicht Durchsuchen Sie unsere Datenbank Suchen Sie eine Konjugationstabelle, geben Sie eine kurze Buchstabenfolge (mindestens 4) des gesuchten Verbs in das hellblaue Feld ein und klicken den Knopf \"Tabelle\". Zur Bestimmung einer Form geben Sie den Ausdruck vollständig in das rosa Feld ein und klicken den Knopf \"Form\". Für Fragen oder Anregungen schreiben Sie uns eine Email. Alle Angaben ohne Gewähr. Cactus2000 übernimmt keine Verantwortung für die Richtigkeit der hier gemachten Angaben.   Französische Konjugation Mit Formensuche, Passiv und Verneinung Übersicht A B C D E F G H I J K L M N O P Q R S T U V W X Y Z FAQ - Häufig gestellte Fragen Mehr zur französischen Sprache NEU: Zahlwörter (alle ganzen Zahlen bis zu 1 Billiarde) Französische Adjektive (10000 Adjektive, Steigerung, Bildung des Adverbs) KonjugationsHase (alle Konjugationsformen als offline-Programm) KonjugationsIgel (Konjugationstrainer für deutsche und/oder französische Verben) VocTrain (Vokabeltrainer: deutsch - französisch - englisch) Reisewortschatz (Faltblatt mit Vokabeln für die Reise) NEU: Spiel mit ausgeschriebenen französischen Zahlen Mehr zu Frankreich Fahrradtouren (Touren in der Provence, in Rhône-Alpes und in Aquitaine) Autokennzeichen (Kennzeichen der einzelnen Départements) Gehirntraining (Spiel mit Fotos aus Savoie und Haute-Savoie und der Provence) Quiz (Fragen zu Savoie und Haute-Savoie und zur Tour de France) Galerie (Fotos aus der Provence und aus Savoie und Haute-Savoie) Puzzle (Verschiedene Motive, z. B. vom Mont Ventoux) Sonnenstand (Zeiten für Sonnenauf- und untergang in vielen französischen Orten) Neuer Cactus2000-Umrechner: Geschwindigkeit (Berechnungen) Folgen Sie Cactus2000 auf Google+, Twitter Konjugationstabellen (Verben) • deutsch • englisch • französisch • italienisch • latein • portugiesisch • spanisch • niederländisch Adjektive • deutsch • französisch Ausgeschriebene Zahlwörter • deutsch • französisch • italienisch Lernprogramme VocTrain (Fr.-En.-Dt. und Sp.-Dt.) VerbTrain (Engl. unreg. Verben) KonjugationsIgel (Konjugationstrainer für deutsche und/oder französische Verben) CalcTrain (Grundrechenarten, gratis) GeoTiger (Geografie) KonjugationsHase (alle Konjugationsformen für deutsche, französische, spanische, italienische und/oder portugisische Verben) Außerdem online: • Einheitenumrechner • Autokennzeichnen • Internationale Fahrradtouren • Reisewortschatz (pdf) • Radsportlexikon • Sonnenstand Unterhaltung • Suchbild • Puzzle • Gehirntraining • Quiz • Galerien Mathematische Spiele Nach oben Bernd Krüger, 2014 Cactus2000 ","title":"ouiller [tr]: Französische Konjugationstabelle","desc":"Konjugation von ouiller [tr]","details":{"length":5387,"language":"de","date":"2014/10/31 16:18:38","type":"text/html","country":""},"crawling":{"duration":"1","date":"2014/10/31 16:18:38"},"metas":[{"name":"description","value":"Konjugation von ouiller [tr]"},{"name":"robots","value":"index, follow"},{"name":"keywords","value":"Konjugation, französisch, Tabelle, Verb, Beugung, unregelmäßig, Infinitiv, Konjunktiv, Subjunktiv, Aktiv, Passiv, online"},{"name":"author","value":"Bernd Krüger"},{"name":"revist-after","value":"1 week"},{"name":"DC.Language","value":"de"},{"name":"viewport","value":"width=device-width, initial-scale=1"}],"uri":{"protocol":"http","domain":"de.cactus2000.conjf.","url":"http://conjf.cactus2000.de/showverb.php?verb=ouiller"}}},{"_index":"de_content_201410","_type":"resourceQ","_id":"http://gudis-tierzubehoer.de/index.php?cpath=4_76_34&oscsid=miri5ltj4vqrijia12vbffac46","_score":1.0, "_source" : {"body":" Startseite  |  Suche  |  Mein Konto  |  Mein Warenkorb  |  Zur Kasse     AGB  |  Impressum  |  Widerrufsrecht  |  Versandkosten  Produkt Übersicht    Für die Vögel      Futter / Futterzusätze / Snacks        Papageienfutter        Sittichfutter        Exotenfutter        Aufzuchtfutter        Eifutter        Koch-, Quell-, und Keimfutter        Snacks        Zusätze (Mineral, Kräuter, usw.)        Nüsse und Trockenfrüchte          Nüsse          Trockenfrüchte        Samen      Leitern aus Natur-Leder      Produkte der Fa. re- scha      Spielsachen      AVIATOR Fluggeschirr      Vogel-Badewannen / Badehäuser      Transportboxen      Sitzstangen und Schaukeln      Höhlen und Netze      Nistkästen- und höhlen      Licht und Luft      Volieren      Zubehör      Restposten      Federlos- Geschenkideen    Wildvögel    Für die Hunde    Für die Katzen    Für die Nager    Terraristik    Aquaristik und Teich    Für den Menschen    Gutscheine    Angebote AKTUELL Vom 11.08.2014 bis einschl. 20.08. 2014 machen wir Urlaub . Bestellungen können normal aufgegeben werden, und werden ab dem 21.08.2014 bearbeitet Verfügbarkeit der Artikel Unser Shop verfügt über ein Ampelsystem, welches Ihnen den ca. Liefertermin anzeigt. grün (Pfeil rechts) =  Lieferzeit  ca. 2 - 4 Werktage                gelb (Pfeil mitte)  =  Lieferzeit  ca. eine  Woche                     rot (Pfeil links)    =   Lieferzeit ca. 2-4 Wochen Sollte in der Artikelinformation eine andere Lieferzeit angegeben sein, so ist diese aktuell Wählen Sie die gewünschte Kategorie Nüsse Trockenfrüchte Service Mein Gudis Tierzubehör »  Mein Konto »  Meine Bestellungen »  Meine Rechnungen Service »  AGB »  Widerrufsrecht »  Datenschutz »  Versandkosten »  Zahlungsarten »  Kontakt »  Impressum Kontakt Mit uns vernetzen Newsletter    Alle Rechte vorbehalten Alle Preise inkl. MwSt. zzgl. Versandkosten  Shopsystem u. Shopsoftware von store-systems.de ","title":"Papageiensnacks, Papageienkekse, Papageienleckerli, Papageienfutter, Kaytee, exa  - Gudis Tierzubehör - Papageienspielzeug, Papageienzubehör","desc":"Papageiensnacks, Papageienkekse, Papageienleckerli, Papageienfutter, Kaytee, exact original, papageien, animonda DER Internetshop für Tierzubehör, insbesondere Papageienspielzeug und Papageienzubehör. Die Spezialisierung liegt bei den kleinen und großen Papageien, aber auch Hunde, Katzen und Terrarien- und Aquarienbewohner kommen nicht zu kurz.","details":{"length":1916,"language":"de","date":"2014/10/31 16:18:39","type":"application/xhtml+xml","country":""},"crawling":{"duration":"1","date":"2014/10/31 16:18:39"},"metas":[{"name":"Description","value":"Papageiensnacks, Papageienkekse, Papageienleckerli, Papageienfutter, Kaytee, exact original, papageien, animonda DER Internetshop für Tierzubehör, insbesondere Papageienspielzeug und Papageienzubehör. Die Spezialisierung liegt bei den kleinen und großen Papageien, aber auch Hunde, Katzen und Terrarien- und Aquarienbewohner kommen nicht zu kurz."},{"name":"Keywords","value":"Papageiensnacks, Papageienkekse, Papageienleckerli, Papageienfutter, Kaytee, exact original, papageien, animonda Shopsysteme, Shopsoftware, usw."}],"uri":{"protocol":"http","domain":"de.gudis-tierzubehoer.","url":"http://gudis-tierzubehoer.de/index.php?cpath=4_76_34&oscsid=miri5ltj4vqrijia12vbffac46"}}},{"_index":"de_content_201410","_type":"resourceQ","_id":"http://triforceseekers.de/viewforum.php?f=25&sid=e1c6d2af030a222a75207adb05b8cffa","_score":1.0, "_source" : {"body":"    Papierkorb Moderatoren: Keine Benutzer in diesem Forum: Keine Gehe zu Seite 1, 2, 3, 4   Weiter     Triforce Seekers Foren-Übersicht -> Papierkorb Alle Themen als gelesen markieren  Themen   Antworten   Autor   Aufrufe   Letzter Beitrag  Wichtig: [tut] Wie füge ich ein Video einem Beitrag hinzu? 2 Hollow Specter 753 27.03.2011, 01:51 Kafei Wichtig: spam schutz 4 Kafei 848 25.09.2007, 18:06 Kafei Durch den Brunnen gaffen (3DS) 5 link-der-bugsucher 1223 20.06.2011, 23:08 link-der-bugsucher [Kein Bug] Links Alptraum - die unzerstörbare Skulltula 2 Thousand Master 662 12.05.2011, 23:32 Thousand Master Schild in Storyviedeos halten 4 Gettojunge 684 07.02.2011, 18:21 Kafei [Geprüft]Cucco OoB und in den Brunnen als Erwachsener Link 13 Triforce-Knight 1259 16.01.2011, 12:29 Kafei :B 4 Fierce Deity Link 505 22.12.2010, 18:54 Kafei Die Antwort [ Gehe zu Seite: 1, 2 ] 29 Schecko 2559 02.12.2010, 18:08 Fierce Deity Link Nintendo 3DS 2 CoolRunnings 396 29.09.2010, 17:05 CoolRunnings Darkrai-Bereich [ Gehe zu Seite: 1, 2, 3 ] 36 maxeee 2852 26.09.2010, 15:48 Kafei [Bug]Unter der Brücke festhängen 1 Kurayami 331 18.06.2010, 20:22 Schecko Meine E3 Zusammenfassung und Eindrücke 4 The Rock 638 17.06.2010, 17:24 The Rock Link sitzt + Strange dance 5 Triforce-Knight 711 25.04.2010, 18:11 Kafei Der offizielle iCarly hat mal wieder ihre Tage Thread! [ Gehe zu Seite: 1, 2, 3, 4 ] 46 Schecko 3799 17.03.2010, 00:55 Kafei Seltsamer Nebel??? 7 Triforce-Knight 679 14.03.2010, 00:15 Triforce-Knight Nintendo DS Lite Compact ? 7 ~Darkrai~ 948 03.01.2010, 13:59 CoolRunnings Am Tag hinter Suzunaris stand (ww) 2 Kurayami 410 28.12.2009, 17:03 Schecko Die nervigen Kinder aus Port monee töten (ww) 3 Kurayami 416 28.12.2009, 17:02 Schecko Niko ist von gestern (ww) 4 Kurayami 1268 28.12.2009, 13:15 CoolRunnings [Umfrage] Die Ultimative OoT Code List Umfrage 5 JulianGMBH 693 28.12.2009, 02:02 iCarly Fettes schwein verschwinden lassen (ww) 0 Kurayami 343 27.12.2009, 14:33 Kurayami Teufelsturm early 2 BIOLIZARD 514 21.12.2009, 22:46 CoolRunnings [Umfrage] SSBM Links Gesicht 1 Gettojunge 546 03.11.2009, 19:42 CoolRunnings (nur mit codes)neue swordless link version(adult+young link) 6 BIOLIZARD 705 31.10.2009, 21:24 Kafei zombie link auf Epona mit infinite swordglitch 3 BIOLIZARD 494 25.10.2009, 11:19 CoolRunnings Waterfall bug/glitch 4 CerialKiller 559 14.10.2009, 15:27 Hollow Specter Überschüssige Zahl 1 Triforce-Knight 415 05.10.2009, 14:32 Kafei Für den Chat 3 ~Darkrai~ 461 05.10.2009, 12:21 CoolRunnings HAPPY BIRTHDAY KAFEI! [ Gehe zu Seite: 1, 2, 3 ] 34 Schecko 2791 27.09.2009, 16:41 Triforce-Knight Wieder Avatar 2 ~Darkrai~ 505 14.09.2009, 18:53 CoolRunnings tLoZ LA 6 Kurayami 834 14.09.2009, 17:53 CoolRunnings Port Mone BUG´s (Wind Waker) 10 AniimuS 1182 08.09.2009, 20:41 CoolRunnings (Paper Mario)Wii-Fernbedienung? 6 ~Darkrai~ 876 06.09.2009, 11:45 CoolRunnings Unendlich Skulltullas bekommen 2 Well 645 17.08.2009, 19:08 CoolRunnings Sterben im Stehen in den Schneebergen 10 D@ni 1267 16.08.2009, 15:23 Kafei Weibliche Eintagsfliege??? 4 D@ni 686 15.08.2009, 13:56 CoolRunnings Franzosen... 5 adrian2000 742 01.08.2009, 15:42 Kafei Zelda TP Boxart 3 XxZeldaxX 542 20.07.2009, 20:06 Kafei Video übersetzten 14 Triforce-Knight 1568 20.07.2009, 15:09 CoolRunnings OOT Bug unter wasser orkarina spielen 4 Jabujabu 766 19.07.2009, 12:18 Triforce-Knight OOT Zelda Manga 1 Andre1 582 17.07.2009, 18:43 Kafei HyperCam 2 - keine Musik 1 adrian2000 475 27.06.2009, 17:40 Kafei (Beta) Beta Gegner 3 Fiercydeity-Link 574 18.06.2009, 21:24 CoolRunnings The Legend of Zelda:Ocarina of Time-Eastereggs and Secrets 1 Triforce-Knight 530 15.06.2009, 17:30 CoolRunnings [Umfrage] Idee für neues SSB:Moves swapper xD 4 Kurayami 522 15.06.2009, 17:28 CoolRunnings Neue Infos zu Pokemon Soul Silver und Heart Gold 1 Triforce-Knight 379 13.06.2009, 20:35 Kafei Cooler Sprung von Link 1 D@ni 428 10.06.2009, 22:09 CoolRunnings Spoiler Funktion? 3 Fireflare 653 10.06.2009, 21:54 CoolRunnings [bug] Als Erwachsener unter die Eisschicht in Zora's Reich 4 Triforce-Knight 681 09.06.2009, 20:37 Hollow Specter Zelda Wii E3 2009 4 adrian2000 546 05.06.2009, 18:43 CoolRunnings Siehe Beiträge der letzten:  Alle Themen anzeigen 1 Tag 7 Tage 2 Wochen 1 Monat 3 Monate 6 Monate 1 Jahr      Triforce Seekers Foren-Übersicht -> Papierkorb Alle Zeiten sind GMT + 1 Stunde Gehe zu Seite 1, 2, 3, 4   Weiter Seite 1 von 4 Gehe zu:  Forum auswählen   Triforce Seekers ---------------- Triforce Seekers News Vorstellung   Ocarina of Time ---------------- Codes Beta Bugs Debug Rom und Hacks Anderes   Twilight Princess ---------------- Allgemeines Bugs   Skyward Sword ---------------- Allgemeines Bugs   Phantom Hourglass / Spirit Tracks ---------------- Allgemeines Bugs   Andere Zelda Games ---------------- Allgemeines Bugs Majoras Mask   Gaming ---------------- Nintendo plattformübergreifend Nintendo Wii U Nintendo 3DS Nintendo Wii Xbox und PlayStation Pokemon Super Smash Brothers Bugs Eastereggs Reviews / Previews Anderes   Sonstiges ---------------- Off Topic Let's Plays User helfen Usern Userblogs Papierkorb   Ausrangiert ---------------- Regeln Videogame News GFX Allgemeines Verbesserungsvorschläge und Bug Report Andere Konsolen Tutorials und Downloads Forenspiele   Neue Beiträge    Keine neuen Beiträge Wichtig Neue Beiträge [ Gesperrt ]    Keine neuen Beiträge [ Gesperrt ] Du kannst keine Beiträge in dieses Forum schreiben. Du kannst auf Beiträge in diesem Forum nicht antworten. Du kannst deine Beiträge in diesem Forum nicht bearbeiten. Du kannst deine Beiträge in diesem Forum nicht löschen. Du kannst an Umfragen in diesem Forum nicht mitmachen. Copyrighted 2006 by Triforce Seekers | Impressum phpBB © 2001, 2005 phpBB Group Deutsche Übersetzung von phpBB.de ","title":"Triforce Seekers :: Forum anzeigen - Papierkorb","desc":null,"details":{"length":5771,"language":"de","date":"2014/10/31 16:18:40","type":"text/html","country":""},"crawling":{"duration":"1","date":"2014/10/31 16:18:40"},"metas":[],"uri":{"protocol":"http","domain":"de.triforceseekers.","url":"http://triforceseekers.de/viewforum.php?f=25&sid=e1c6d2af030a222a75207adb05b8cffa"}}},{"_index":"de_content_201410","_type":"resourceQ","_id":"http://giessener-anzeiger.de/lokales/index.htm","_score":1.0, "_source" : {"body":" Anfang der Seite Zur Navigation | Zum Inhalt | Zur rechten Spalte | Zum Service-Bereich E-Paper Newsletter Freitag, der 04.07.2014 Login E-Paper Kontakt Gießen Allendorf Lahn Allendorf Lda. Biebertal Buseck Gießen Grünberg Heuchelheim Langgöns Laubach Lich Linden Lollar Pohlheim Rabenau Reiskirchen Staufenberg Wettenberg 30 °C Ein Angebot der Gießener Anzeiger Verlags GmbH & Co KG Navigation Zum Anfang der Seite | Zum Inhalt | Zur rechten Spalte | Zum Service-Bereich Startseite Rubriken Lokales Übersicht Lokales Stadt Gießen Übersicht Stadt Gießen Nachrichten Gießen Stadtteile Hochschule Zurück Kreis Gießen Übersicht Kreis Gießen Landkreis Giessen Allendorf Lda. Biebertal Buseck Fernwald Grünberg Heuchelheim Hungen Langgöns Laubach Lich Linden Lollar Pohlheim Rabenau Reiskirchen Staufenberg Wettenberg Zurück Polizei und Gericht Lokalsport Wirtschaft regional Kultur Hochschule Aus der Nachbarschaft Übersicht Aus der Nachbarschaft Mittelhessen Wetteraukreis Vogelsbergkreis Fronhausen Hüttenberg Lahnau Lohra Mücke Zurück Zurück Meist gelesen GmbH für Ulenspiegel und Bitchen GIESSEN - Bis 2019 läuft der Pachtvertrag. Und Hans-Jürgen „Felix“ Liebert hat nach eigenen Angaben kein Interesse, daran etwas zu ändern. „Kann jeder Mutter in die Augen schauen“ GIESSEN - (jl). Nein: „Habe mich noch nie in meinem Leben an jemandem vergriffen und werde das auch nie tun.“ Nein: „Habe ihm nicht in die Hose gefasst, ich fasse niemandem in die Hose.“ Nein: „Habe ... Sport Übersicht Sport Top-Clubs Übersicht Top-Clubs Eintracht Frankfurt GIESSEN 46ers TV Lich RSV Lahn-Dill HSG Wetzlar TV Hüttenberg FSV Fernwald Rote Teufel Bad Nauheim Zurück Lokalsport Übersicht Lokalsport Fußball Handball Basketball Tischtennis Volleyball Leichtathletik Tennis Turnen Radsport Motorsport Schwimmen Tanzen Weitere Sportarten Zurück Sport überregional Übersicht Sport überregional WM 2014 Fußball Motorsport Radsport Handball Basketball Pferdesport Boxen Eishockey Leichtathletik Tennis Wintersport Golf Sportmix Zurück Sportergebnisse Übersicht Sportergebnisse Fußball Deutschland Fußball International Handball Volleyball Basketball Baseball Tischtennis Tennis Hockey Ringen Weitere Sportergebnisse Zurück Zurück Meist gelesen „Und wie sie die Dinger reinschweißen“ KROFDORF-GLEIBERG - Amtierender Weltmeister aus Österreich, aktueller Deutschlandpokalsieger aus Stein, dreifacher Weltranglistensieger aus der Schweiz, dazu weitere Teams mit jeder Menge Titeln und internationaler Erfahrung – ein ordentliches Häufchen der besten Radballer des Planeten tummelte sich beim vom RSV Teutonia Krofdorf-Gleiberg ausgerichteten UCI Worldcup in der Krofdorfer Eduard-David-Halle. VfB und Teutonen wollen angreifen GIESSEN - (mcs). Nach dem freiwilligen Rückzug des FSV Fernwald wird in der kommenden Saison ein neues, mittelhessisches Aushängeschild gesucht, das vielleicht schon in der übernächsten Spielzeit in ... fupa - Mittelhessen Welttrainer Politik Übersicht Politik Hessen Deutschland Ausland Zurück Meist gelesen 62-Jähriger bestreitet Missbrauchs-Vorwürfe Gießen (dpa/lhe) - Ein früherer Mitarbeiter des Gießener Grünen-Bundestagsabgeordneten Tom Koenigs hat bestritten, Kinder sexuell missbraucht zu haben. «Ich vergreife mich grundsätzlich ... Zahl der Flüchtlinge auf Höchststand Gießen (dpa/lhe) - Die Zahl der Flüchtlinge in Hessen steigt weiter und steuert auf neue Höchststände zu. In der hessischen Erstaufnahmeeinrichtung für Flüchtlinge in Gießen leben derzeit ... Jobs Immobilien Wirtschaft Übersicht Wirtschaft Wirtschaft regional Wirtschaft überregional Geld & Recht Geldmarkt aktuell Geldanlage Übersicht Geldanlage Geldanlagerechner Baugeldvergleich Kreditrechner Sparplanrechner Privatgirorechner Zurück Altersvorsorge Übersicht Altersvorsorge Privatrentenrechner Fondsrenterechner Kapitallebenrechner Risikolebenrechner Sofortrentenrechner Riesterrechner Riesterfondsrechner Rüruprenterechner Zurück Herstellerinformation Zurück Meist gelesen „Nach Abschluss Ärmel hochkrempeln“ GIESSEN - „Je schwerer etwas fällt, desto größer die Freude, wenn es gelingt“, ermutigte Annette Greilich, Leiterin der Friedrich-Feld-Schule Gießen, die 48 jungen Damen und Herren, die nach drei Jahren in der Oberstufe des FFS-Wirtschaftsgymnasiums – und nach 13 Jahren Schulzeit insgesamt – in der Kongresshalle ihre Abiturzeugnisse entgegennehmen durften, im Sinne Abraham Lincolns. „Da Chiara“ eröffnet in Kesselbach „Da Chiara“ heißt das neue Speiselokal in Kesselbach, das am Samstag, 5. Juli öffnet. Das Familienteam rund um die Inhaberin Drusiana Aiello serviert im geschmackvoll eingerichteten Lokal ... Jobs Immobilien Wissen Übersicht Wissen Hochschule Wissenschaft Vermischtes Lexikon A-Z Zurück Meist gelesen Kalenderblatt 2014: 2. Juli Berlin (dpa) - Das aktuelle Kalenderblatt für den 2. Juli 2014: 27. Kalenderwoche 183. Tag des Jahres Noch 182 Tage bis zum Jahresende Sternzeichen: Krebs Namenstag: Petrus, Wiltrud HISTORISCHE ... Kalenderblatt 2014: 3. Juli Berlin (dpa) - Das aktuelle Kalenderblatt für den 3. Juli 2014: 27. Kalenderwoche 184. Tag des Jahres Noch 181 Tage bis zum Jahresende Sternzeichen: Krebs Namenstag: Joseph, Thomas HISTORISCHE ... Ratgeber Übersicht Ratgeber Auto & Motorrad Übersicht Auto & Motorrad Rund ums Kfz Oldtimer & Gebrauchte Auto-ABC Neue Modelle Autotests Recht im Verkehr Autokredit Herstellerinformation Zurück Internet & Elektronik Übersicht Internet & Elektronik Rund um Elektronik Surf-Tipps Games Technik-ABC Recht im Netz Telefontarife Herstellerinformation Zurück Bauen & Wohnen Übersicht Bauen & Wohnen Rund ums Wohnen Rund um den Garten Miet- und Baurecht Haushaltstipps Pflanzenpflege Herstellerinformation Zurück Leben & Genießen Übersicht Leben & Genießen Rund um Familie Rund um Erziehung Recht im Familienleben Rund ums Tier Rund um Ernährung Küche mit Köpfchen Rezept der Woche Herstellerinformation Zurück Ausbildung & Beruf Übersicht Ausbildung & Beruf Rund um Beruf Ausbildung & Studium Kostenlose Studienliteratur Recht im Beruf Lohnsteuer-Rechner Krankenkassen-Rechner Herstellerinformation Zurück Gesundheit & Wellness Übersicht Gesundheit & Wellness Rund um Gesundheit Wellness und Fitness Recht auf Gesundheit Krankenkassen-Rechner Herstellerinformation Zurück Reise & Umwelt Übersicht Reise & Umwelt Rund ums Reisen Reiseberichte Deutschland-Reise Gesundheit auf Reisen Recht auf Reisen Umwelt Herstellerinformation Zurück Trauer & Erinnerung Übersicht Trauer & Erinnerung Rund um Trauer Vorkehrungen Medizinische Vorsorge Nach dem Tod Rund um die Beisetzung Trauerprozess Recht im Trauerfall Traueranzeigen Zurück Zurück Meist gelesen Wasser ist nicht gleich Wasser Bad Vilbel (dpa) - Wasser ist längst nicht gleich Wasser. Der Verband Deutscher Mineralbrunnen unterscheidet fünf Gattungen. Dabei kommt es nicht nur auf die Quelle an, eine Sorte unterliegt ... Einbrecher austricksen: Anwesenheit vortäuschen Berlin (dpa/tmn) - Einbrecher wollen natürlich nicht auf frischer Tat ertappt werden. Befürchten sie, jemanden im Haus anzutreffen, ist das Risiko für sie meistens zu groß. Hausbesitzer ... Jobs Immobilien Freizeit Übersicht Freizeit Veranstaltungen Essen & Trinken Übersicht Essen & Trinken Gastro-Tipps Winzer Zurück Freizeittipps Übersicht Freizeittipps Mein perfekter Tag Museen Klettern & Hochseilgärten Burgen & Schlösser Zoos & Wildparks Badeseen & Erlebnisbäder Freizeit- & Themenparks Zurück Ausgehtipps Kino Übersicht Kino Kinofilme in der Region Trailer und Making-Ofs Zurück Ticketshop Sudoku Zurück Meist gelesen Mit allen Sinnen genießen Hofheim - Den Alltag für ein paar Stunden vergessen und Wasser, Wärme und Wellness mit allen Sinnen genießen. Die Rhein-Main-Therme ist eine einzigartige Wellness-Oase im Rhein-Main-Gebiet. Eine bodenständige Majestät Wiesbaden - Das kleine Fachwerkhaus in der Mauergasse fällt sofort ins Auge. Zwischen den anderen großen Steingebäuden wirkt es fast ein wenig deplatziert. Hinter der schmucken Fassade verbirgt sich mit ... Welttrainer Mediathek Übersicht Mediathek Videos Übersicht Videos Aktuelles Region Nachrichten Sport Vermischtes Auto Literatur Kino & Film Top-Videos Zurück Bilder Übersicht Bilder Nachrichten Sport Fußball Zurück Zurück Anzeigen Übersicht Anzeigen Jobs Immobilien Freudige Anlässe Traurige Anlässe Kraftfahrzeuge Reise Tiermarkt Flohmarkt Kennenlernen Anzeige aufgeben Zurück Jobs Immobilien Abo & Service Übersicht Abo & Service Abonnement Übersicht Abonnement Abo bestellen Abo-Service Zurück Apps Übersicht Apps E-Paper Zurück Leserservice Übersicht Leserservice Kundencenter Ticketshop Leserbriefe Zusteller gesucht Zurück Leserreisen Übersicht Leserreisen Europareisen Fernreisen Zurück Anzeigenservice Übersicht Anzeigenservice Anzeige aufgeben Anzeigen suchen Immobilienmarkt Stellenmarkt Print-Werbung Online-Werbung Zurück Archiv Übersicht Archiv Onlinesuche Inhalte und Rechte Zurück Zurück E-Paper: Jetzt kostenlos und unverbindlich testen! Erleben Sie Ihre Tageszeitung im Internet – mobil auf Tablet, Smartphone und Laptop oder zuhause am PC. Tageszeitung: Jetzt kostenlos und unverbindlich testen! Sie kennen unsere Tageszeitung noch nicht? Dann bestellen Sie hier kostenlos und unverbindlich eine zweiwöchige Leseprobe. Gießener Anzeiger / Lokales Lokales als RSS-Feed abonnieren Inhalt Zum Anfang der Seite | Zur Navigation | Zur rechten Spalte | Zum Service-Bereich Stadt Gießen | 04. Juli 2014 01:20 Uhr US-Kapelle weicht Villen GIESSEN - (ab). Die US-Kapelle wird abgerissen. Wer zwischen Mittwoch und gestern an der Marshall-Siedlung vorbeigefahren ist, hat das besonders eindrucksvoll sehen können. Der Abriss des ehemaligen ... zum Artikel Mehr Stadt Gießen Bahnhofvorplatz: Stadt startet Verkehrsversuch Gießener Tafel: Einrichtung sucht Mitstreiter GmbH für Ulenspiegel und Bitchen Stadt Gießen | 03. Juli 2014 01:15 Uhr CDU stellt sich quer GIESSEN - Seit Jahren nimmt der am Seltersberg gebündelte Schwerpunkt „Herz/Lunge“ der Gießener Justus-Liebig-Universität (JLU) eine herausragende Stellung ein. zum Artikel Mehr Stadt Gießen Herausragendes Engagement „Wo relativ sehr, sehr viele Tiere wohnen“ „Markantes und bewusstes Zeichen“ Kreis Gießen | 04. Juli 2014 01:10 Uhr En(t)e gut, alles gut KREIS GIESSEN - (ee). „Auswilderung erfolgreich“, freuten sich Gertrud und Franz Sack aus Heuchelheim, als sie nun am Silbersee in Heuchelheim 13 Wildenten nach achtwöchiger Ammenaufzucht durch die Zwerg-Italiener-Henne ... zum Artikel Mehr Kreis Gießen Mit Galerie Überzeugende Aufführungen Für Naturschützer gibt es schon genug Uhus „Das hat uns geärgert“ Polizei und Gericht | 27. Juni 2014 01:00 Uhr Topf auf Herd vergessen – Feuerwehr rückt an GIESSEN - (inf). Eine 26-Jährige hatte ihre Mietwohnung im Rambachweg am Mittwochabend offenbar nur kurz verlassen, dabei aber den Topf mit dem Abendessen auf dem Herd komplett vergessen, wie sie später der Polizei erzählte. Daher zog bald dichter beißender Qualm durch die Küche, doch die Rauchmelder – ab nächstem Jahr Pflicht in jeder Wohnung – schlugen Alarm. Dadurch aufgeschreckt ... zum Artikel Lokalsport | 04. Juli 2014 01:05 Uhr Rollstuhlbasketball: WM-Abenteuer in Südkorea beginnt am Samstag GIESSEN - (aj). Am Samstag um 16.30 Uhr Ortszeit (7.30 Uhr MESZ) startet für die deutsche Rollstuhlbasketball-Nationalmannschaft der Herren das Abenteuer Weltmeisterschaft. Erstmals seit zwölf Jahren ... zum Artikel Mehr Lokalsport Göppingen kommt nach Oberkleen Mit Fußtechnik der anderen Art auf das Silberpodest Mit Platz neun zufrieden Wirtschaft regional | 04. Juli 2014 01:00 Uhr Sommerempfang der IHK Gießen-Friedberg GIESSEN - (ewe). Jugendliche erkennen nur noch ganze fünf Pflanzen – das sind 0,5 Promille aller Pflanzen in Deutschland. Jugendliche verarbeiten Informationen zur Natur nicht mehr sachgeleitet, sondern – aus völliger Unkenntnis der Zusammenhänge – emotional. So sind auch ihre Antworten zu erklären, die in Umfragen auf die Frage, was denn dem Wald schade, zu 69 Prozent das „Holzfällen“ ... Fotostrecke ansehen zum Artikel Mehr Wirtschaft regional Mit Fachhochschulreife viele Wege offen Nachfrage der Fachaussteller nach Plätzen bei Bau-Expo 2015 groß „Nach Abschluss Ärmel hochkrempeln“ Kultur | 04. Juli 2014 01:00 Uhr „Der Vorleser“: Zu seicht für adäquate Aufarbeitung? GIESSEN - Als Bernhard Schlinks Roman „Der Vorleser“ 1995 erschien, sorgte er für beträchtliches Aufsehen. Die Feuilletons zeigten sich begeistert über diese Art der späten Aufarbeitung des Holocaust. zum Artikel Mehr Kultur Mittelhessische Schultheatertage Mit Galerie Eine Note Extravaganz „Es geht ans emotional Eingemachte“ Hochschule | 04. Juli 2014 01:00 Uhr Hochbegabung: „Eigentlich Kinder wie andere auch“ MARBURG - Jubiläum gefeiert: Die begabungsdiagnostische Beratungsstelle „Brain“ an der Philipps-Universität Marburg hat in den vergangenen 15 Jahen über 2300 Kinder getestet. zum Artikel Mehr Hochschule Senegalese forscht an THM für Afrika „Viele sind richtig geschockt“ Mit Galerie „Meilenstein“ für Zusammenarbeit Aus der Nachbarschaft | 02. Juli 2014 01:20 Uhr „Gut aufgestellt für die Zukunft“ HEUCHELHEIM - Ein tolles zweieinhalbstündiges abwechslungsreiches Programm mit vielen zündenden Ideen, Musik, Tanz, Gesang und sportlichen Darbietungen von Schüler- und Lehrerschaft bot den Rahmen für den Festabend zum 50-jährigen Bestehen der Wilhelm-Leuschner-Schule im so gut wie ausverkauften großen Saal der Heuchelheimer Turnhalle. zum Artikel Mehr Aus der Nachbarschaft Besinnungspausen in Bewegung Fünf Milliliter Blut können die Welt von Lukas verändern Mit Galerie Christen kamen mit dem Regen klar Rechte Spalte Zum Anfang der Seite | Zur Navigation | Zum Inhalt | Zum Service-Bereich Meldungen aus der Region Meist ... Gelesen Kommentiert Empfohlen 03.07.2014 (736x gelesen) GmbH für Ulenspiegel und Bitchen 02.07.2014 (412x gelesen) „Kann jeder Mutter in die Augen sch ... 04.04.2014 (358x gelesen) Public Viewing: Fußballfans können ... 02.07.2014 (1x kommentiert) „Kann jeder Mutter in die Augen sch ... 04.07.2014 (4x empfohlen) Fotoausstellung \"Anjas Lookbook Mom ... 01.07.2014 (1x empfohlen) In neuen Draisinen auf alten Schien ... Finden Sie Firmen Jobs Immobilien Alle Firmen Alle Jobs alle Objekttypen Haus Wohnung WG Gewerbe Alle Immobilien Videos Chukudus im Kongo: Holzroller für s ... Goma, 04.07.14: Dieses Fahrzeug sieht aus wie ein Riesentretroller, heißt Chukudu und ist das wohl wichtigste Transportmittel im Osten der Republik Kongo. Schwere Säcke mit Lebens- und Brennmitteln werden damit in die Stadt Goma gebracht. Arts Home is my Kassel – Trailer 1 Alle fünf Jahre verschlägt es diverse zeitgenössische Künstler zur documenta nach Kassel. Wie sehr dieses Großereignis Organisatoren, Kasseler und Besucher in seinen Bann zieht, zeigt dieser Film. Wara No Tate – Die Gejagten – Trail ... Kiyomaru soll in den Knast, weil er ein kleines Mädchen ermordet hat. Doch der Vater des Opfers will mehr: Er setzt ein Kopfgeld auf Kiyomaru aus. Fünf Top-Cops sollen nun versuchen, den verurteilten Mörder sicher ins Gefängnis zu bringen. Death Metal, bis die Luft ausgeht London, 04.07.14: Death Metal ist schnell, hart und eigentlich auch laut - außer, wenn sich die Band in einen luft- und schalldichten Raum sperren lässt. So geschehen in London mit der Band „Unfathomable Ruination“. Niederlande vs. Costa Rica: Duell d ... Brasilien, 04.07.14: Es ist das Duell der Gegensätze: Die Fußballnation Niederlande trifft im Viertelfinale auf das WM-Überraschungsteam aus Costa Rica. Nichts weniger als der Titel ist das Ziel von Trainer Louis van Gaal und der Elftal. Mehr Videos Wetter 30 °C Ort wählen Allendorf Lahn Allendorf Lda. Biebertal Buseck Gießen Grünberg Heuchelheim Langgöns Laubach Lich Linden Lollar Pohlheim Rabenau Reiskirchen Staufenberg Wettenberg Morgen 14 / 26 °C Sonntag 16 / 27 °C Montag 13 / 24 °C Alle Wettermeldungen Ticker News Sport 16:45 Uhr De Maizière warnt vor Crystal Meth 16:26 Uhr Bundestag billigt Reformgesetz für ... 15:45 Uhr Neue Raketen aus Gaza treffen Israe ... Alle Meldungen 15:45 Uhr DFB-Auswahl kämpft gegen Frankreich ... 14:45 Uhr Merkel hofft auf deutschen WM-Sieg ... 14:06 Uhr Nationalspieler und Mehrheit der De ... Alle Meldungen Immobilien in Gießen 1-Zimmer Appartment in Uni Nähe 1 Zimmer, 46 m² 35392 Gießen 94000,00 € / Kauf Provisionsfrei! Suche Baugrundstück 2.3 Zimmer, 450 m² 35396 Gießen 80000,00 € / Kauf Repräsentatives Architektenhaus mit ... 9 Zimmer, 320 m² 35396 Gießen-Wieseck 649000,00 € / Kauf kugelberg & friends - leben und stu ... 2 Zimmer, 66.98 m² 35394 Gießen 179000,00 € / Kauf Haus \"am See\" in Gießen/Klein-Linde ... 7.5 Zimmer, 220 m² 35398 Gießen 385000,00 € / Kauf Alle Immobilien Abstimmung Verkehrsminister Dobrindt will eine Pkw-Maut für Ausländer einführen - richtig? Ja Nein Weiß nicht Ergebnis anzeigen Service-Bereich Zum Anfang der Seite | Zur Navigation | Zum Inhalt | Zur rechten Spalte Alles auf einen Klick! Jobs Immo Experten Bundesligatrainer Online-Auktion Leserreisen Preisliste/Mediadaten Hier finden Sie alle Informationen zu unseren Werbeleistungen. PDF-Datei öffnen Abo-Service & Leserbrief Abo-Service Sie haben Fragen zu Ihrem Abonnement oder möchten ein Abonnement bestellen? Wir helfen Ihnen gerne weiter. Mehr Informationen Telefon 0641/9504 76 Leserbrief an die Redaktion Sie haben ein Thema das Sie bewegt? Lassen Sie es uns wissen! Text schreiben Besondere Angebote Tageszeitung: Jetzt kostenlos und unverbindlich testen! Sie kennen unsere Tageszeitung noch nicht? Dann bestellen Sie hier kostenlos und unverbindlich eine zweiwöchige Leseprobe. Jetzt bestellen E-Paper: Jetzt kostenlos und unverbindlich testen! Erleben Sie Ihre Tageszeitung im Internet - am PC zuhause oder mobil auf Laptop, Tablet-PC oder Smartphone. Mehr Informationen Facebook RSS-Feed Newsletter Gelnhäuser Tageblatt Gießener Anzeiger Kreis-Anzeiger Lauterbacher Anzeiger Oberhessische Zeitung Usinger Anzeiger Impressum Nutzungsbasierte Online-Werbung Datenschutz AGB DL-InfoV © Gießener Anzeiger Verlags GmbH & Co KG - Alle Rechte vorbehalten Zum Anfang der Seite | Zur Navigation | Zum Inhalt | Zur rechten Spalte | Zum Service-Bereich Meldung schließen Zum Anfang der Seite 0.241166830063 Sekunden ","title":"Aktuelle und lokale Nachrichten aus der Stadt Gießen und dem Landkreis Gießen - Lokales, Kultur, Sport, Wirtschaft und Politik auf einen Blick. - Gießener Anzeiger","desc":"Aktuelle Nachrichten aus der Welt, Deutschland, Hessen, der Stadt Gießen und dem Landkreis Gießen - Lokales, Kultur, Sport, Wirtschaft und Politik auf einen Blick.","details":{"length":18159,"language":"de","date":"2014/10/31 16:18:38","type":"application/xhtml+xml","country":""},"crawling":{"duration":"1","date":"2014/10/31 16:18:38"},"metas":[{"name":"DC.Title","value":"Aktuelle und lokale Nachrichten aus der Stadt Gießen und dem Landkreis Gießen - Lokales, Kultur, Sport, Wirtschaft und Politik auf einen Blick. - Gießener Anzeiger"},{"name":"DC.Description","value":"Aktuelle Nachrichten aus der Welt, Deutschland, Hessen, der Stadt Gießen und dem Landkreis Gießen - Lokales, Kultur, Sport, Wirtschaft und Politik auf einen Blick."},{"name":"description","value":"Aktuelle Nachrichten aus der Welt, Deutschland, Hessen, der Stadt Gießen und dem Landkreis Gießen - Lokales, Kultur, Sport, Wirtschaft und Politik auf einen Blick."},{"name":"DC.Author","value":"Gießener Anzeiger Verlags GmbH & Co KG"},{"name":"DC.Publisher","value":"Gießener Anzeiger Verlags GmbH & Co KG"},{"name":"DC.Copyright","value":"Gießener Anzeiger Verlags GmbH & Co KG"},{"name":"DC.Keywords","value":"Nachrichten, Meldungen, Gießener Anzeiger, Gießen, Giessen, Allendorf Lahn, Kleinlinden, Lützellinden, Rödgen, Roedgen, Wieseck, Landkreis, Biebertal, Buseck, Fernwald, Grünberg, Heuchelheim, Hungen, Langgöns, Laubach, Lich, Linden, Lollar, Pohlheim, Rabenau, Reiskirchen, Staufenberg, Wettenberg, Mittelhessen, Wetteraukreis, Vogelsbergkreis, Fronhausen, Hüttenberg, Lahnau, Lohra, Marburg, Mücke, Wetzlar,  Lokalsport, Sport, Kultur, Vereine, Fußball"},{"name":"keywords","value":"Nachrichten, Meldungen, Gießener Anzeiger, Gießen, Giessen, Allendorf Lahn, Kleinlinden, Lützellinden, Rödgen, Roedgen, Wieseck, Landkreis, Biebertal, Buseck, Fernwald, Grünberg, Heuchelheim, Hungen, Langgöns, Laubach, Lich, Linden, Lollar, Pohlheim, Rabenau, Reiskirchen, Staufenberg, Wettenberg, Mittelhessen, Wetteraukreis, Vogelsbergkreis, Fronhausen, Hüttenberg, Lahnau, Lohra, Marburg, Mücke, Wetzlar,  Lokalsport, Sport, Kultur, Vereine, Fußball"},{"name":"DC.Generator","value":"Realisation: triple-i new media system design GmbH"},{"name":"DC.Audience","value":"General"},{"name":"robots","value":"index, follow"},{"name":"viewport","value":"width=device-width, initial-scale=1.0"}],"uri":{"protocol":"http","domain":"de.giessener-anzeiger.","url":"http://giessener-anzeiger.de/lokales/index.htm"}}},{"_index":"de_content_201410","_type":"resourceQ","_id":"http://meerschweinforum.de/forum/misc.php?do=whoposted&t=248211","_score":1.0, "_source" : {"body":" Wer hat geschrieben? Beiträge: 3 Benutzername Beiträge anni93 2 Kischali 1 Thema anzeigen & Fenster schließen ","title":"Wer hat geschrieben? - MeerschweinForum.de","desc":"Dieses Diskussionsforum wird mit vBulletin betrieben. Um mehr über vBulletin zu erfahren, besuchen Sie http://www.vbulletin-germany.com/ .","details":{"length":111,"language":"de","date":"2014/10/31 16:18:41","type":"application/xhtml+xml","country":""},"crawling":{"duration":"1","date":"2014/10/31 16:18:41"},"metas":[{"name":"generator","value":"vBulletin "},{"name":"keywords","value":"vbulletin,forum,bbs,discussion,jelsoft,adduco digital,bulletin board,meerschweinchen,guinea pig"},{"name":"description","value":"Dieses Diskussionsforum wird mit vBulletin betrieben. Um mehr über vBulletin zu erfahren, besuchen Sie http://www.vbulletin-germany.com/ ."}],"uri":{"protocol":"http","domain":"de.meerschweinforum.","url":"http://meerschweinforum.de/forum/misc.php?do=whoposted&t=248211"}}},{"_index":"de_content_201410","_type":"resourceQ","_id":"http://gruene-surfer2.de/gruene-partei-neu/?ai1ec=action:posterboard%7ctime_limit:1367013600%7ccat_ids:12,48&page_id=24","_score":1.0, "_source" : {"body":" Sprungmarken dieser Website Direkt zum Inhalt Zur Navigation Seitenleiste mit weiterführenden Informationen Zum Fußbereich Links ähnlichen Websites: Bundesverband Fraktion Kontakt Impressum Menü BÜNDNIS 90/DIE GRÜNEN Saarland Suche BÜNDNIS 90/DIE GRÜNEN Saarland Landesverband Saarland Hauptmenü: PARTEI Grundsatzprogramm Grüne im Saarland Landesvorstand Grüne Jugend Positionspapiere Dokumente Landesgeschäftsstelle ARBEITSGEMEINSCHAFTEN Überblick LAG Migration-Integration LAG Energie TERMINE MITMACHEN Mitglied werden Mach mit im Wahlkampf 2013 Meine Kampagne Grüner Leben Wurzelwerk Unterstütze uns SERVICE Grüne Wahlergebnisse Grüne Shirts Shop Grüner Shop Landesparteitag Startseite ⟩ Termine Termine Posterboard Posterboard Agenda Kategorien Aktion Arbeitsgemeinschaft Fraktion Mitgliederversammlung Parteitage Termine Saarbrücken Mitte Vorträge Juni – Juli 2013 Jun 12 LAG Migration/Integration Mittwoch @ 19:00 – 20:00 Arbeitsgemeinschaft Jul 3 Sparvorgaben für die Uni – Eine Gefahr für die Universitätsstadt Saarbrücken? Mittwoch @ 19:30 – 21:00 Der Kreisverband Saarbrücken und der Ortsverband Saarbrücken-Mitte von BÜNDNIS 90/DIE GRÜNEN laden ein zu einer Diskussionsveranstaltung mit Uni-Präsident Prof. Dr. Volker Linneweber. Wir wollen die [...] Termine Saarbrücken Mitte Vorträge Subscribe to filtered calendar Zu Google hinzufügen Unterschreiben Sie die Petition Helfen Sie mit die tierquälerischen Jagd- und Ausbildungsmethoden zu beenden! Setzen Sie ein Zeichen für mehr Tier- und Umweltschutz im Saar Unterschreiben Für mehr Tier- und Umweltschutz im Saarland! Liebe Bürgerinnen und Bürger setzen Sie ein Zeichen für mehr Tier- und Umweltschutz im Saarland! Die Große Koalition, bestehend aus SPD und CDU, haben ein neues Jagdgesetz für das Saarland beschlossen. Es gab eine ausführliche Anhörung. Umwelt- und Tierschutzverbände äußerten erhebliche Bedenken. Bis kurz vor der Abstimmung im zuständigen Ausschuss war unklar, welche Änderungen SPD und CDU noch vornehmen würden. Erst jetzt ist klar: Fallenjagd wird weiterhin erlaubt sein! die Ausbildung von Jagdhunden an lebenden Tieren wird weiterhin erlaubt sein! umweltschädliche Bleimunition wir erst 2017 verboten! Helfen Sie mit die tierquälerischen Jagd- und Ausbildungsmethoden zu beenden! Setzen Sie ein Zeichen für mehr Tier- und Umweltschutz im Saarland. Die zweite und letzte Lesung des Gesetzentwurfes wird am Mittwoch, den 19. März 2014, stattfinden. Es verbleibt nur noch sehr wenig Zeit! Unterzeichnen Sie unsere Aufforderung und machen Sie SPD und CDU deutlich, dass sie: für die Abschaffung der Fallenjagd für das Verbot der Ausbildung von Jagdhunden an lebenden Tieren und für das Verbot umweltschädlicher Bleimunition sind! Vielen Dank für Ihre Unterstützung! [signature] Vorname Nachname Email Straße Stadt Postleitzahl   Unterschreiben Freunden mitteilen: Termine Jul 6 So 11:00 Landesparteirat Landesparteirat Jul 6 @ 11:00 – 15:00 Vorgeschlagene Tagesordnung TOP 1: Formalia Eröffnung durch den Landesvorstand Feststellung der Beschlussfähigkeit Bericht der Mandatsprüfungskommission Wahl des Präsidiums (Versammlungsleiter, Schriftführer, BeseitzerInnen) Geschäftsordnung des Landesparteitags Wahl [...] Archiv Wähle den Monat Mai 2014 April 2014 März 2014 Februar 2014 Januar 2014 Dezember 2013 November 2013 August 2013 Juli 2013 Juni 2013 Mai 2013 April 2013 März 2013 Februar 2013 Dezember 2012 November 2012 Oktober 2012 September 2012 August 2012 Juli 2012 Juni 2012 Mai 2012 April 2012 März 2012 Februar 2012 Januar 2012 November 2011 Oktober 2011 September 2011 August 2011 Juli 2011 Juni 2011 Mai 2011 April 2011 März 2011 Februar 2011 Januar 2011 Dezember 2010 November 2010 Oktober 2010 September 2010 August 2010 Juni 2010 Mai 2010 April 2010 März 2010 Februar 2010 Januar 2010 Dezember 2009 November 2009 Oktober 2009 August 2009 Juli 2009 Juni 2009 Mai 2009 April 2009 März 2009 Februar 2009 Januar 2009 Dezember 2008 November 2008 Oktober 2008 September 2008 August 2008 Juli 2008 Juni 2008 Mai 2008 April 2008 März 2008 Februar 2008 Januar 2008 Dezember 2007 November 2007 Oktober 2007 September 2007 August 2007 Juli 2007 Juni 2007 Mai 2007 April 2007 März 2007 Februar 2007 Januar 2007 Dezember 2006 November 2006 Oktober 2006 September 2006 August 2006 Juli 2006 Juni 2006 Mai 2006 April 2006 März 2006 Februar 2006 Januar 2006 Dezember 2005 November 2005 Oktober 2005 September 2005 August 2005 Juli 2005 Juni 2005 Mai 2005 April 2005 März 2005 Februar 2005 Januar 2005 Dezember 2004 November 2004 Oktober 2004 September 2004 August 2004 Juli 2004 Juni 2004 Mai 2004 April 2004 März 2004 Februar 2004 Januar 2004 Dezember 2003 November 2003 Oktober 2003 September 2003 August 2003 Juli 2003 Juni 2003 Mai 2003 April 2003 März 2003 Februar 2003 Januar 2003 Dezember 2002 November 2002 Oktober 2002 September 2002 August 2002 Juli 2002 Juni 2002 Mai 2002 April 2002 März 2002 Februar 2002 Januar 2002 Dezember 2001 November 2001 Oktober 2001 September 2001 August 2001 Juli 2001 Juni 2001 Mai 2001 April 2001 März 2001 Schlagwörter Arbeitsmarkt Armutsbericht Atomkraft Bildung Bostalsee Bundestag Bäderkonzept Cattenom Demographie Dispokredite DLRG Energiepolitik Fahrrad Familienpolitik Fluglärm Gesellschaft Gesundheit Haushalt Jugend Kinder Kommunen Kultur Lebensmittel Menschenrecht Merzig Nachhaltigkeit Nichtraucherschutz Nordumfahrung Offener Brief Rauchverbot Regional Saarland soziale Gerechtigkeit Sozialpolitik Sport Straßenbau Tariftreuegesetz Tierschutz Umweltschutz Verbraucherschutz Verkehr Wasserversorgung Weltfrauentag Wirtschaft Zukunft Folge uns! Kontakt Impressum Diese Seite nutzt das freie Wordpress-Theme Urwahl3000. Erstellt mit ❤ von kre8tiv - Benjamin Jopen. ","title":"   Termine -  BÜNDNIS 90/DIE GRÜNEN Saarland","desc":"Termine –","details":{"length":5701,"language":"de","date":"2014/10/31 16:18:38","type":"text/html","country":""},"crawling":{"duration":"1","date":"2014/10/31 16:18:38"},"metas":[{"name":"HandheldFriendly","value":"True"},{"name":"MobileOptimized","value":"320"},{"name":"viewport","value":"width=device-width, initial-scale=1.0"},{"name":"og:description","value":"Termine – "},{"name":"publisher","value":"BÜNDNIS 90/DIE GRÜNEN Saarland"},{"name":"author","value":"BÜNDNIS 90/DIE GRÜNEN Saarland"},{"name":"description","value":"Termine – "},{"name":"msapplication-TileColor","value":"#f01d4f"},{"name":"msapplication-TileImage","value":"http://www.gruene-surfer2.de/gruene-partei-neu/wp-content/themes/urwahl3000/lib/images/win8-tile-icon.png"}],"uri":{"protocol":"http","domain":"de.gruene-surfer2.","url":"http://gruene-surfer2.de/gruene-partei-neu/?ai1ec=action:posterboard%7ctime_limit:1367013600%7ccat_ids:12,48&page_id=24"}}},{"_index":"de_content_201410","_type":"resourceQ","_id":"http://shop.gd-world.de/mode-und-accessoires/c1710462_u236_zcdc8b328-1fef-469c-8db0-c4954c076ff0/","_score":1.0, "_source" : {"body":" STARTSEITE ANMELDEN WARENKORB PRODUKTE NEWS KONTAKT WIDERRUFSRECHT IMPRESSUM AGB Warenkorb Keine Produkte im Warenkorb Merkzettel ( 0) Shopkategorien NEUHEITEN Angebote des Monats Angebote der Woche Auto und Motorrad Beauty und Wellness Dekoration und Geschenkartikel Elektrogeräte Haus und Garten Haus und Wohnen Heimwerker Küche und Haushalt Mode und Accessoires Accessoires Koffer und Taschen Uhren und Schmuck Sonstiges Sonderangebote Schnäppchen Schule und Büro Spielwaren Sport und Freizeit Tierwelt GD-Exklusiv Weitere Informationen Liefer- & Versandkosten Zahlungsmöglichkeiten Unsere AGB Widerrufsrecht Datenschutz Impressum Links Kontakt Händleranmeldung Newsletter Anmeldung E-Mail Adresse: Sie können den Newsletter jederzeit abbestellen. [schliessen] Jetzt auch für Ihr Smartphone: Als App für Ihr Smartphone: Zahlungsarten Versandpartner Willkommen in unserem Online-Shop!   Suche Produkte Startseite > - Mode und Accessoires Zurück 1  2  3  4  5  6  7  8  9  10  11  12  13  Weiter >> Weitere Unterkategorien Accessoires Koffer und Taschen Uhren und Schmuck Sonstiges Sonderangebote Sortieren nach: Produktname | Preis Aktentasche + Wetterstation THIERRY MUGLER Geschenk Set Funk Wetterstation mit Uhr- und Weckfunktion, 2 teilig und Aktentasche von Thierry Mugler im edlen Geschenkkarton. Artikelnummer: 2910 Gewicht: 2,8 kg 19,99 € (Preis inkl. 19% MwSt. zzgl. Versand) Lieferzeit: 1-2 Tage Anzahl: Auf den Merkzettel Aktentasche THIERRY MUGLER in Geschenkkarton Tasche Koffer Aktentasche von Thierry Mugler in einem edlen Geschenkkarton Artikelnummer: 2909 Gewicht: 2 kg 14,99 € (Preis inkl. 19% MwSt. zzgl. Versand) Lieferzeit: 1-2 Tage Anzahl: Auf den Merkzettel Akzent Damen Handtasche Luxus Tasche braun Damentasche Akzen %%% Jetzt knallhart reduziert !!!! Günstiger geht nicht mehr !!! %%% Artikelnummer: 799 Gewicht: 0,64 kg 29,99 € (Preis inkl. 19% MwSt. zzgl. Versand) Lieferzeit: 1-2 Tage Anzahl: Auf den Merkzettel Armband Damen FOSSIL Armreifen JF83446040 Edelstahl Armreif %%% Jetzt knallhart reduziert !!!! Günstiger geht nicht mehr !!! %%% Artikelnummer: 810 Gewicht: 0,5 kg 29,99 € (Preis inkl. 19% MwSt. zzgl. Versand) Lieferzeit: 1-2 Tage Anzahl: Auf den Merkzettel Damen Handtasche Luxus schwarz Tasche Damentasche Akzent %%% Jetzt knallhart reduziert !!!! Günstiger geht nicht mehr !!! %%% Artikelnummer: 793 Gewicht: 0,64 kg 24,99 € (Preis inkl. 19% MwSt. zzgl. Versand) Lieferzeit: 1-2 Tage Anzahl: Auf den Merkzettel Damen Handtasche Luxus schwarz Tasche Damentasche Akzent %%% Jetzt knallhart reduziert !!!! Günstiger geht nicht mehr !!! %%% Artikelnummer: 795 Gewicht: 0,62 kg 24,99 € (Preis inkl. 19% MwSt. zzgl. Versand) Lieferzeit: 1-2 Tage Anzahl: Auf den Merkzettel Damen Handtasche Luxus Tasche schwarz Damentasche Akzent %%% Jetzt knallhart reduziert !!!! Günstiger geht nicht mehr !!! %%% Artikelnummer: 797 Gewicht: 0,84 kg 24,99 € (Preis inkl. 19% MwSt. zzgl. Versand) Lieferzeit: 1-2 Tage Anzahl: Auf den Merkzettel Handtasche Damen Akzent J3002 Luxus braun Damenhandtasche %%% Jetzt knallhart reduziert !!!! Günstiger geht nicht mehr !!! %%% Artikelnummer: 794 Gewicht: 0,58 kg 24,99 € (Preis inkl. 19% MwSt. zzgl. Versand) Lieferzeit: 1-2 Tage Anzahl: Auf den Merkzettel Handtasche Damen Akzent Luxus braun Damentasche Umhängetasch %%% Jetzt knallhart reduziert !!!! Günstiger geht nicht mehr !!! %%% Artikelnummer: 800 Gewicht: 0,7 kg 29,99 € (Preis inkl. 19% MwSt. zzgl. Versand) Lieferzeit: 1-2 Tage Anzahl: Auf den Merkzettel Handtasche WENKO City Bag AMAZONAS Damen Hand Tasche Modische Damen Tasche mit verstellbaren Schulterriemen. Artikelnummer: 6286 Gewicht: 0,6 kg 3,99 € (Preis inkl. 19% MwSt. zzgl. Versand) Lieferzeit: 1-2 Tage Anzahl: Auf den Merkzettel 1  2  3  4  5  6  7  8  9  10  11  12  13  Weiter >> Kunden Login Benutzername: Passwort: Passwort vergessen? Neu hier? TOP ANGEBOT Akkuschrauber EINHELL RT-SD 3,6 / 1 Likit Mini-Schrauber nur 19,99 € Zuletzt Verkauft 1 x Tisch MDF 80 x 60 cm Campingtisch stufenlos Klapptisch Alu für nur 29,99 €   (Preis inkl. 19% MwSt. zzgl. Versand Auktionen Unsere Auktionen! Unsere Marken Besuchen Sie uns auch auf Facebook Mobile-App für Ihr Smartphone: Kontakt | FAQ | Impressum | Datenschutz | Widerrufsrecht | Unsere AGB Afterbuy-Shop","title":"Mode und Accessoires","desc":"www.gd-world.de GD-WORLD Edelstahl, strandkorb, massageliege, billardtisch, Ostern, Kamin, hutschenreuther, kynast, terrassenofen, Joop, Mülleimer, led, kickertisch , Edelstahl, Leuchtkugeln, wmf, Gartenbeleuchtung, Lichtschlauch, fossil, billardtisc","details":{"length":4251,"language":"de","date":"2014/10/31 16:18:40","type":"application/xhtml+xml","country":""},"crawling":{"duration":"1","date":"2014/10/31 16:18:40"},"metas":[{"name":"author","value":"This OnlineStore is brought to you by ViA-Online GmbH Afterbuy. Information and contribution at http://www.afterbuy.de"},{"name":"robots","value":"index,follow"},{"name":"description","value":"www.gd-world.de GD-WORLD Edelstahl, strandkorb, massageliege, billardtisch, Ostern, Kamin, hutschenreuther, kynast, terrassenofen, Joop, Mülleimer, led, kickertisch , Edelstahl, Leuchtkugeln, wmf, Gartenbeleuchtung, Lichtschlauch, fossil, billardtisc"},{"name":"keywords","value":"Edelstahl, strandkorb, massageliege, billardtisch, Ostern, Kamin, hutschenreuther, kynast, terrassenofen, Joop, Mülleimer, led, kickertisch , Edelstahl, Leuchtkugeln, wmf, Gartenbeleuchtung, Lichtschlauch, fossil, billardtisch, Solarlampe, Solarbeleuchtung, Gartenzwerg, Solarfigur, Strahler, valentinstag, Parklicht, Holzwindmühle, seltmann, Sitzbank, Bistroset, Schaukelbett, Ausziehtisch, Bistrotisch, Gartentisch, klapptisch, Beistelltisch, tapeziertisch, hollywoodschaukel, kettler"},{"name":"google-site-verification","value":"tvl88IHLTSHLHOgkfwGPvPhTME6Qxx3_n_mRl4S-R7o"},{"name":"google-site-verification","value":"DNm6HVCD29Ug5DoBaCTNIyxt8_th_yx4QUyB8-4gF5s"}],"uri":{"protocol":"http","domain":"de.gd-world.shop.","url":"http://shop.gd-world.de/mode-und-accessoires/c1710462_u236_zcdc8b328-1fef-469c-8db0-c4954c076ff0/"}}},{"_index":"de_content_201410","_type":"resourceQ","_id":"http://diy-center.de/oxid.php/sid/fdedbe1c6f86d1f998d7c5cda9ed5fd0/cl/alist/cnid/1c8416d1291042ee3.65519246","_score":1.0, "_source" : {"body":" Startseite Mein Konto Kontakt Gästebuch AGB Merkzettel Links Impressum Service Warenkorb Artikelsuche - alle Kategorien - Balkongeländer aus Holz - Komplettbausätze Balkongeländer - Einzelteile Balkongeländer -- Grundkonstruktion für Balkongeländer -- Profilbretter und Profilpfosten für Balkongeländer -- Zierblenden - nicht nur für Balkongeländer -- Elemente für Balkongeländer -- Konsolen für Balkongeländer -- Blumenkästen - nicht nur für Balkongeländer Balkongeländer aus Aluminium und Kunststoff Handlaufsysteme und Treppengeländer - Handlaufsysteme -- Handlauftypen -- Zubehör Handlauftypen - Treppengeländersystem -- Treppengeländer Fichte Rustikal -- Treppengeländer Fichte Doppelrille -- Treppengeländer Fichte Modern -- Treppengeländer Fichte/Edelstahl Schlicht -- Treppengeländer Fichte/Edelstahl Kugel -- Treppengeländer Fichte/Edelstahl Elypse -- Treppengeländer Buche Rustikal -- Treppengeländer Buche Doppelrille -- Treppengeländer Buche Modern -- Treppengeländer Buche/Edelstahl Schlicht -- Treppengeländer Buche/Edelstahl Kugel -- Treppengeländer Buche/Edelstahl Elypse Gartenzäune in Holz - Zaunbretter - Zaunpfosten und Riegel - Zubehör Gartenzäune Holz Möbel- und Raumgestaltung - Rundholzsystem - Gitterelemente - Möbelfüße - Fachwerkgestaltung Terrassendecks - Zubehör Terrassenbau Restpostenbörse Info Balkongeländer Holz Info wartungsfreie Balkongeländer Info Gartenzäune Info Möbel- und Raumgestaltung Info Handlauf und Treppengeländer  Balkongeländer aus Holz  Balkongeländer aus Aluminium und Kunststoff  Handlaufsysteme und Treppengeländer  Gartenzäune in Holz  Möbel- und Raumgestaltung  Terrassendecks  Info Balkongeländer Holz  Info wartungsfreie Balkongeländer  Info Gartenzäune  Info Möbel- und Raumgestaltung  Info Handlauf und Treppengeländer  Restpostenbörse Informationen   Kundeninformationen   Datenschutz   Versand und Kosten   Widerrufsrecht   Wie bestellen?   Newsletter News Seit kurzem haben wir für Sie etwas neues entdeckt - Gitterelemente aus Holz - sauber... Weiter Balkon- und Terassengeländer in wartungsfreien Materialien..... der Trend im modernen... Weiter Sie sind hier: / Balkongeländer aus Aluminium und Kunststoff Balkongeländer aus Aluminium und Kunststoff (16) Wartungsfreie Balkongeländer und Terassengeländer aus Aluminium und Vollkunststoff oder Werzalit bieten Ihnen viele entscheidende Vorteile: Kein Wartungsaufwand - nie mehr streichen  Beständig gegen UV-Licht und andere Umwelteinflüsse Kein Rost - da Aluminium pulverbeschichtet und Vollkunststoff Hochwertige Optik - keine unschöne verzinkte Rohrkonstruktion Vielfältige Variationsmöglichkeiten Stabile auf Sicherheit geprüfte Verbindungstechnik Einfache Montage - keine Gehrungsschnitte bei 90 Grad-Ecken Keine Sonderanfertigung - alle Teile sind Lagerware Reinigung mit Hochdruckreiniger möglich Für dieses Produkt bieten Ihnen außerdem einen Aufmaß- und Beratungsservice an, und zwar zum Nulltarif. Einfach diese Option auf Wunsch im Zubehör mitbestellen und ein freundlicher Servicemitarbeiter des Herstellers setzt sich mit Ihnen in Verbindung um einen Vor-Ort-Termin abzustimmen. Allerdings kann dieser Service erst dann in Anspruch genommen werden, wenn Sie das Produkt bestellt haben, das soll hier fairerweise gesagt werden. Sollten sich nach dem Vor-Ort-Termin noch Änderungen ergeben, werden diese selbstverständlich noch nachträglich von uns korrigiert und berücksichtigt. Seite 1 / 2 | 1 2 | Artikel pro Seite: 10 20 50 100 Sortieren nach:   Titel   Preis Balkongeländer aus Aluminium/Kunststoff... Art.Nr.: KR-100K mehr Info 217,20 € * Alle Preise inkl. MwSt., zzgl. Versandkosten. Balkongeländer aus Aluminium/Werzalit... Art.Nr.: KR-100W mehr Info 275,30 € * Alle Preise inkl. MwSt., zzgl. Versandkosten. Balkongeländer aus Aluminium/Kunststoff... Art.Nr.: KR-200K mehr Info 217,10 € * Alle Preise inkl. MwSt., zzgl. Versandkosten. Balkongeländer aus Aluminium/Werzalit... Art.Nr.: KR-200W mehr Info 275,30 € * Alle Preise inkl. MwSt., zzgl. Versandkosten. Balkongeländer aus Aluminium/Kunststoff... Art.Nr.: KR-201K mehr Info 217,20 € * Alle Preise inkl. MwSt., zzgl. Versandkosten. Balkongeländer aus Aluminium/Werzalit... Art.Nr.: KR-201W mehr Info 275,30 € * Alle Preise inkl. MwSt., zzgl. Versandkosten. Balkongeländer aus Aluminium/Kunststoff... Art.Nr.: KR-101K21 mehr Info Farbe der Dekoprofile : Grau Gelb Blau Grün 229,20 € * Alle Preise inkl. MwSt., zzgl. Versandkosten. Balkongeländer aus Aluminium/Werzalit... Art.Nr.: KR-101W21 mehr Info Farbe der Dekoprofile : Grau Grün Gelb Blau 283,80 € * Alle Preise inkl. MwSt., zzgl. Versandkosten. Balkongeländer aus Aluminium/Kunststoff... Art.Nr.: KR-102K21 mehr Info Farbe der Dekoprofile : Grau Grün Gelb Blau 258,20 € * Alle Preise inkl. MwSt., zzgl. Versandkosten. Balkongeländer aus Aluminium/Werzalit... Art.Nr.: KR-102W21 mehr Info Farbe der Dekoprofile : Grau Grün Gelb Blau 309,30 € * Alle Preise inkl. MwSt., zzgl. Versandkosten. Seite 1 / 2 | 1 2 | Artikel pro Seite: 10 20 50 100 Sortieren nach:   Titel   Preis Mein Konto eMail: Passwort: Eingeloggt bleiben Konto eröffnen Passwort vergessen Newsletter eMail:    TOP of the Shop Balkonbrett Nevada ... ab 2,90 € * Zaunbrett Eifel ... 2,10 € * Balkonbrett ... ab 4,40 € * Zaunbrett Watzmann ... ab 2,20 € * Zaunbrett Vogelsberg ... ab 1,95 € * Alle Preise inkl. MwSt., zzgl. Versandkosten. * Alle Preise inkl. MwSt., zzgl. Versandkosten.   Home | Kontakt | Gästebuch | Links | Impressum | AGB | Kundeninformationen | Warenkorb | Mein Konto | Mein Merkzettel © 2004-2013 by DIY-Center Markenvertrieb GmbH, Powered by Liesegang Media in Siegen ","title":"DIY-Center GmbH Markenvertrieb - Balkongeländer aus Aluminium und Kunststoff","desc":"Balkongeländer aus Aluminium und Kunststoff - Wartungsfreie Balkongeländer und Terassengeländer aus Aluminium und Vollkunststoff oder Werzalit bieten Ihnen viele entscheidende Vorteile Kein","details":{"length":5599,"language":"de","date":"2014/10/31 16:18:41","type":"text/html","country":""},"crawling":{"duration":"1","date":"2014/10/31 16:18:41"},"metas":[{"name":"description","value":"Balkongeländer aus Aluminium und Kunststoff - Wartungsfreie Balkongeländer und Terassengeländer aus Aluminium und Vollkunststoff oder Werzalit bieten Ihnen viele entscheidende Vorteile Kein"},{"name":"keywords","value":"Balkongeländer, Aluminium, Kunststoff, erläuterung, zur, als, bestellmenge"}],"uri":{"protocol":"http","domain":"de.diy-center.","url":"http://diy-center.de/oxid.php/sid/fdedbe1c6f86d1f998d7c5cda9ed5fd0/cl/alist/cnid/1c8416d1291042ee3.65519246"}}},{"_index":"de_content_201410","_type":"resourceQ","_id":"http://familygeishas.de/register.php?sid=f92cbae232f4c186c59e90d4ccc99468","_score":1.0, "_source" : {"body":" Familygeishas - Regeln Die Registrierung und Benutzung unserer Foren ist völlig kostenlos für Sie. Klicken Sie auf \"Akzeptieren\", wenn Sie die hier genannten Regeln und Erklärungen anerkennen. Danach können Sie Sich registrieren. Obwohl die Administratoren und Moderatoren von Familygeishas versuchen, alle unerwünschten Beiträge/Nachrichten von diesem Forum fernzuhalten, ist es unmöglich, alle Beiträge/Nachrichten zu überprüfen. Alle Beiträge/Nachrichten drücken die Ansichten des Autors aus und die Eigentümer von Familygeishas oder WoltLab GmbH (Entwickler des wBB Lite) können nicht für den Inhalt jedes Beitrags verantwortlich gemacht werden. Mit dem Vollenden der Registrierung erklären Sie Sich damit einverstanden, das Forum nicht für Obzönitäten, Vulgäres, Beleidigungen, Propaganda (extremer) politischer Ansichten oder (verbaler) Verstöße gegen das Gesetz zu missbrauchen. Weiterhin können Einträge sowie Accounts durch Moderatoren und Administratoren des Boards u.a. aus Gründen des Verstoßes gegen gute Sitten ohne weitere Begründung editiert oder gelöscht werden. Viel Spaß beim Nutzen vom Familygeishas! Powered by Burning Board Lite © 2001-2004 WoltLab GmbH Impressum ","title":"Familygeishas - Registrierung","desc":null,"details":{"length":1187,"language":"de","date":"2014/10/31 16:18:39","type":"text/html","country":""},"crawling":{"duration":"1","date":"2014/10/31 16:18:39"},"metas":[],"uri":{"protocol":"http","domain":"de.familygeishas.","url":"http://familygeishas.de/register.php?sid=f92cbae232f4c186c59e90d4ccc99468"}}},{"_index":"de_content_201410","_type":"resourceQ","_id":"http://force-of-friends.de/fof_web/forum/login.php?sid=d651bc5ef5769a1d5505d6b201e921f2","_score":1.0, "_source" : {"body":" Anmeldung Benutzername: Registrierung Passwort: Passwort vergessen Powered by Burning Board Lite 1.0.2 © 2001-2004 WoltLab GmbH ","title":"Force of Friends Forum - Anmeldung","desc":null,"details":{"length":129,"language":"de","date":"2014/10/31 16:18:40","type":"text/html","country":""},"crawling":{"duration":"1","date":"2014/10/31 16:18:40"},"metas":[],"uri":{"protocol":"http","domain":"de.force-of-friends.","url":"http://force-of-friends.de/fof_web/forum/login.php?sid=d651bc5ef5769a1d5505d6b201e921f2"}}},{"_index":"de_content_201410","_type":"resourceQ","_id":"http://castinfo.de/produkte/dimmer.html?sid=9f2874733563b72583d9bff3475667e7","_score":1.0, "_source" : {"body":" Unser Angebot richtet sich ausschließlich an gewerbliche Anwender und öffentliche Auftraggeber. Alle angegebenen Preise gelten zzgl. gesetzlicher Mehrwertsteuer. CAST Anmelden Merkzettel Vergleichsliste 0 Startseite Neuigkeiten STOREnews Topseller Neue Produkte Produkte Service Download Meine Bestellungen Regelwerke Kontakt AGB Team Adresse Wegbeschreibung Kontaktformular Newsletter Unternehmen Historie Über cast Über den castSTORE Direkt bestellen Stockclearing wiki News_Store_Adresse News_Store_Telnr http://www.castinfo.de/ Seiten durchsuchen Suche:   Startseite > Produkte > Dimmer Dimmer Hochwertige, zuverlässige Dimmer, die allen Anforderungen gerecht werden - cast bietet solide und für jedes Budget erschwingliche Dimmer für den mobilen Einsatz oder Festinstallation. Unser Licht-Planungsteam stellt Ihnen gern Dimmer entsprechend den Anforderungen zusammen. Auf Wunsch können wir diese auch direkt als Touringversion, eingebaut ins Rack, liefern. Mit Patchfeldern und allem, was dazu gehört. Sprechen Sie uns an. Wir freuen uns darauf. « zurück Installationsdimmer 19'' Dimmer Kompakt-/Handdimmer « zurück Produkte Aktion Sommer Preisaktion Anschlagmittel / Befestigung Ballastierung DMX Dimmer Installationsdimmer 19'' Dimmer Kompakt-/Handdimmer Effektbeleuchtung Feststellen/Fixieren Filterfolien/Projektionsfolien Gaffer / Klebebänder Gobos/Rotatoren Hebezeuge Intercom/ Cue-Light Kabel/Stecker Kleineisenwaren LED Lastmessung Lichtpulte/Controller Nebel/Dunst/Wind PSA Schutzausrüstung Podeste Requisiten/Farben Rollenfarbwechsler Räder/Rollen Scharniere Scheinwerfer Seilrollen/Blöcke Tanzböden Theaterbohrer Traversen Traversenmöbel / Displays Visualisierung Werkzeuge/Tools Schlagworte Area 48 Artnet DMX Netzwerk DMX über Ethernet LED Fluter LED Profilscheinwerfer LED Stufenlinse LEE Filter Movinglight PLCYC PLFresnel PLProfile PSA Prolyte SPX Selecon PL Serie Softlight StageDEX Traverse fiRSTstage Vergleichsliste Es ist kein Artikel zum Vergleichen vorhanden. cast C.Adolph & RST Distribution GmbH | Kabeler Str.54a | D-58099-Hagen Tel.: +49-2331-69150-0 | Fax.:+49-2331-688412 AGB | Disclaimer | Impressum © 2011 Unser Angebot richtet sich ausschließlich an gewerbliche Anwender und öffentliche Auftraggeber. Alle angegebenen Preise gelten zzgl. gesetzlicher Mehrwertsteuer.   ","title":"Dimmer - Produkte","desc":null,"details":{"length":2307,"language":"de","date":"2014/10/31 16:18:38","type":"application/xhtml+xml","country":""},"crawling":{"duration":"1","date":"2014/10/31 16:18:38"},"metas":[],"uri":{"protocol":"http","domain":"de.castinfo.","url":"http://castinfo.de/produkte/dimmer.html?sid=9f2874733563b72583d9bff3475667e7"}}},{"_index":"de_content_201410","_type":"resourceQ","_id":"http://weare.de/flexfit-cap-rot-fid-6380.html","_score":1.0, "_source" : {"body":"   Bezahlung & Lieferung FAQ Friends Über uns AGB Impressum Kontakt 06021 - 900 40 260 Mo. – Fr. 09-20 Uhr, Sa. 13 – 18 Uhr Werde unser Fan bei Facebook Melde Dich für unseren Newsletter an Hier findest Du unsere RSS Feeds Marken Neue Artikel Sale Coming Soon Color Finder Blog Snowboard Beratung Welches Snowboard passt zu mir? individuelle Beratung wie im Laden per Mail oder am Telefon Preisvorteil beim Kauf von Board + Bindung, Board + Boots, Board + Jacke etc. Wir können weitere Boards bei unseren Marken extra für Dich bestellen Jetzt kostenlos beraten lassen Herren Snowboard [468] Snowboardjacken [126] Snowboardhosen [63] Snowboards [40] Bindungen [32] Boots [16] Handschuhe [29] Schneebrillen [90] Helme [41] Protektoren [12] Snowboardsocken [3] Funktionswäsche [12] Boardbags [1] Zubehör & Pflege [3] DVDs [0] Wakeboard [134] Wakeboards [18] Wakeboardbindungen [7] Wakeskates [0] Wakeboardhelme [4] Protektor-Westen [22] Lycras [20] Boardshorts [59] Wakeboard Bags [4] Surf [155] Surfboards [21] Neopren [19] Lycras [20] Boardshorts [59] Surf Zubehör [36] Skateboard [57] Schuhe [1233] Sneaker [943] Hohe Sneaker [224] Stiefel [36] Slipper [9] Latschen [30] T-Shirts [771] T-Shirts [648] Longsleeves [26] Polo-Shirts [8] Tanktops [89] Hemden [42] Pullover [356] Zipper [77] Pullover [131] Hoodies [141] Strick Pullover [12] Strickjacken [7] Jacken [447] Warme Jacken [114] Leichte Jacken [100] Mäntel [66] Snowboardjacken [126] Fleecejacken [9] Trainingsjacken [18] Westen [14] Hosen [424] Lange Hosen [195] Shorts [116] Boardshorts [59] Trainingshosen [34] Boxershorts [20] Taschen [233] Rucksäcke [144] Umhängetaschen [84] Reisetaschen [5] Kopfhörer [43] Mützen & Caps [374] Mützen [175] Fitted Caps [2] Snapback Caps [106] Flexfit Caps [53] Trucker Caps [13] Sonstige Caps [24] Hüte [1] Accessoires [373] Sonnenbrillen [226] Portemonnaies [7] Tücher & Schals [19] Gürtel [22] Socken [29] Handschuhe [15] Uhren [32] iPhone Cases [4] Sonstiges [41] Bücher [12] Zelte [1] Sonstiges [3] Gutscheine [9] Damen Snowboard [305] Snowboardjacken [73] Snowboardhosen [37] Snowboards [12] Bindungen [28] Boots [9] Handschuhe [7] Schneebrillen [62] Helme [41] Protektoren [8] Snowboardsocken [7] Funktionswäsche [17] Boardbags [1] Zubehör & Pflege [3] DVDs [0] Wakeboard [29] Wakeboards [5] Wakeboardbindungen [1] Wakeskates [0] Wakeboardhelme [4] Protektor-Westen [11] Lycras [4] Boardshorts [1] Wakeboard Bags [3] Surf [61] Surfboards [18] Neopren [7] Lycras [4] Boardshorts [1] Surf Zubehör [31] Skateboard [57] Schuhe [1119] Sneaker [845] Hohe Sneaker [200] Stiefel [29] Slipper [16] Sandalen [45] Shirts & Tops [227] Shirts [134] Tops [53] Hemden & Blusen [8] Longsleeves [31] Tuniken [1] Pullover [157] Zipper [35] Pullover [38] Hoodies [74] Strickjacken [10] Jacken [279] Warme Jacken [50] Leichte Jacken [41] Mäntel [90] Snowboardjacken [73] Fleecejacken [9] Trainingsjacken [9] Westen [7] Kleider & Röcke [42] Hosen [123] Lange Hosen [50] Shorts [7] Trainingshosen [31] Boardshorts [1] Leggings [34] Bikinis [51] Taschen [244] Rucksäcke [147] Umhängetaschen [88] Handtaschen [4] Reisetaschen [5] Kopfhörer [43] Mützen [165] Accessoires [452] Sonnenbrillen [222] Caps [97] Hüte [1] Tücher & Schals [19] Portemonnaies [6] Gürtel [16] Handschuhe [10] Uhren [32] Socken [26] iPhone Cases [4] Sonstiges [41] Bücher [12] Zelte [1] Diverses [3] Gutscheine [9] 19,90 € inkl. MwSt., zzgl. Versand Farbe rot Größe Youth EU S/M EU L/XL EU   Flexfit Cap rot Artikel-Nr. CA43007 Frage zu diesem Artikel   Die original 6 Panel, low Profile Flexfit Cap in 23 Farben und 3 Größen - ohne Aufdruck und somit vielseitig und dezent. Durch patentiertes Flexfit Spandex passen sie sich individuell der Kopfform an. Diese Flexfit Cap ist und bleibt ein absoluter Klassiker. Kopfumfang: youth (XS-50-52cm), s/m (M-53-56cm) und l/xl! (XL-57-61cm). 63% Polyester, 34% Baumwolle, 3% Spandex. Händleranfrangen an distribution[at]publikat.de oder einfach im B2B-Shop registrieren. Dieser Artikel ist momentan noch nicht verfügbar. Trag dich unter UNVERBINDLICH VORMERKEN ein, dann wirst Du als erster informiert, sobald der Artikel in unserem Lager eintrifft. Material: 63% Polyester, 34% Baumwolle, 3% Elasthan Weitere Farben:   Unsere Marken Adidas Alife and Kickin Anerkjendt Anon Arbor Asics Tiger Bataleon Beats by Dre Bench Billabong Boxfresh Burton Cable Capita Carhartt Casio Cleptomanicx CLWR Converse Creatures of Leisure Dainese DC Dickies Didriksons Dragon Edwin Eight Miles High Electric Element Encore Esperando Etnies Fat Moose Fjällräven Flexfit Forvert Frank Wright G-Shock Globe GNU Haglöfs Hektik Herschel Horsefeathers HUB Humör Ichi Iriedaily J-Shoes Jetpilot Jordan Kaffe Kangaroos Keds Khujo Levi's ® Lib Tech Light Lost Lousy Livin Mahagony Marmot Mavi Naketano Neff New Balance Nike Nike SB Nikita Nudie Nümph O'Neill Oakley Obey Obrien Ocean and Earth Palmer Patagonia Picture Organic POC Protec Puma Quiksilver Ragwear Reckless Reebok Reef Reell Ronix Roxy Salomon Saucony Sector 9 Selected Skullcandy Skunkfunk Spirit of 76 Stereo Stüssy Supra Switchback The North Face The Seventh Letter TSG Ucon Underpressure Union Binding Urbanears Uvex Vans Volcom weare Wemoto WeSC Westbeach Wood Fellas Zimtstern Zoo York Warenkorb 0 Artikel 0,00 €   Kostenloser Rückversand   Show your   for Flexfit FLEXFIT Cap – das Original. Alles startete mit ein paar groben Entwürfen, einem neuen, seltsamen Farbrikat, das sich poly-weave spandex nannte und ein paar Typen, die sich einfach dachten: „Da geht was!“. Das war der Anfang von Caps in Top-Qualität, die schon bald weltweit als FLEXFIT getragen wurden. Nothing but Flexfit Baby. Mehr Info Flexfit Herren Flexfit Mützen & Caps Flexfit Damen Flexfit Accessoires + Geld-Zurück-Garantie + 14 Tage Widerrufsrecht + Schnelle Lieferzeit + Trusted Shops Prüfung + Datenschutz-Garantie + Schnelle Rückerstattung Sofort Überweisung - TÜV geprüfter Datenschutz Visa MasterCard PayPal       Lieferung: Versandkosten Liefergeschwindigkeit Sicherheit: Datenschutzerklärung Hinweis zu Cookies Unternehmen: Über uns Jobs Impressum AGB Presse WeAre international: WeAre Shop AT WeAre Shop NL WeAre Shop FR Netzwerk: Facebook Youtube Twitter RSS Feeds News: Newsletter WeAre Blog Infos: Ausverkauft Snowboard ABC Glossar Sitemap   Alle Preisangaben inklusive der gesetzlichen Mehrwertsteuer und zuzüglich Versandkosten.   ","title":"Flexfit Cap rot im WeAre Shop","desc":"Die original 6 Panel, low Profile Flexfit Cap in 23 Farben und 3 Größen - ohne Aufdruck und somit vielseitig und dezent. Durch patentiertes Flexfit Spandex pass","details":{"length":6356,"language":"de","date":"2014/10/31 16:18:38","type":"text/html","country":""},"crawling":{"duration":"1","date":"2014/10/31 16:18:38"},"metas":[{"name":"robots","value":"index, follow"},{"name":"author","value":"(P) 2008-2013 Evers & Marthaler GmbH; www.evers-marthaler.com"},{"name":"description","value":"Die original 6 Panel, low Profile Flexfit Cap in 23 Farben und 3 Größen - ohne Aufdruck und somit vielseitig und dezent. Durch patentiertes Flexfit Spandex pass"},{"name":"viewport","value":"width=1090"},{"name":"keywords","value":"flexfit, cap, rot, red, youth"},{"name":"google-site-verification","value":"ytEKXWlKj4jeWp00sc1g2ZWB-3XGZkV4QKJ-TFhkgkQ"},{"name":"google-site-verification","value":"3xVU1hujVpwdFZw4RNEmx1dq6yKXaoyJUa-CwmRD900"},{"name":"google-site-verification","value":"f3qGALNigyl9qGCODimOeJTdSVGHE8ESg1_x7Q2tuo0"},{"name":"fb:page_id","value":"81553839191"},{"name":"og:title","value":"Flexfit Cap rot"},{"name":"og:type","value":"product"},{"name":"og:site_name","value":"www.weare.de"},{"name":"og:image","value":"http://i1.wearecdn.net/images/article/flexfit/ca43007/flexfit-ca43007-2-0.jpg"},{"name":"og:url","value":"http://www.weare.de/flexfit-cap-rot-fid-6380.html"},{"name":"og:description","value":"Die original 6 Panel, low Profile Flexfit Cap in 23 Farben und 3 Größen - ohne Aufdruck und somit vielseitig und dezent. Durch patentiertes Flexfit Spandex passen sie sich individuell der Kopfform an. Diese Flexfit Cap ist und bleibt ein absoluter Klassiker.Kopfumfang:  youth (XS-50-52cm), s/m (M-53-56cm) und l/xl! (XL-57-61cm).63% Polyester, 34% Baumwolle, 3% Spandex.Händleranfrangen an distribution[at]publikat.deoder einfach im B2B-Shop registrieren."},{"name":"fb:admins","value":"1092177093,100000001172022"}],"uri":{"protocol":"http","domain":"de.weare.","url":"http://weare.de/flexfit-cap-rot-fid-6380.html"}}},{"_index":"de_content_201410","_type":"resourceQ","_id":"http://hmb-web.de/tag/location-in-hamburg.html","_score":1.0, "_source" : {"body":"   Startseite Anmeldung Neue Lesezeichen Neue Feeds Neue Artikel Werbemittel Unsere Feeds     Bookmarks zum Tag location-in-hamburg sturmfreiebu.de Wer in Hamburg eine Location sucht, wird bei der sturmfreien Bude fündig - stilvoll und praktikabel eingerichtet mit Technik und einer gut ausgestatteten Küche location    eventlocation    konferenzraum    location-in-hamburg    location-mieten    veranstaltungsr-ume Hinzugefügt am 02.10.2013 - 01:43:52 vom GIA - 1 Benutzer Kategorie: Sonstige http://sturmfreiebu.de/     RSS-Feeds zum Tag location-in-hamburg Keine (weiteren) RSS-Feeds vorhanden!     Artikel zum Tag location-in-hamburg Keine (weiteren) Artikel vorhanden!     Suche     Login Benutzername: Passwort:   Passwort vergessen?     Kategorien    Auskunft    Auto und Motorrad    Bauen u. Wohnen    Bildung u. Beruf    Buecher    Community    Computer    Internet    Einkaufen    Finanzen    Flirten    Fotografie    Freizeit    Lifestyle    Games    Gesellschaft    Gesundheit    Medien    Kinder    Sonstige    Sport    Tiere    Umwelt    Urlaub    Wirtschaft    Wissenschaft     Top Themen Tags archiv artikel auto berlin best blog currency dental dentist dentistry dentists forex free geld gesundheit health hotel informationen internet kategorie kostenlos kredit kredite mode neues news online onlineshop reisen schweiz seo shop sofortkredit sport suchmaschinenoptimierung trading training uk urlaub webdesign     Partner Krankenversicherungen   © 2012 RSS - Feed und Bookmarkverzeichnis hmb-web.de Startseite | Impressum | AGBs | Datenschutz ","title":"Einträge zum Tag location-in-hamburg","desc":"Noch mehr Einträge zum Tag location-in-hamburg","details":{"length":1559,"language":"de","date":"2014/10/31 16:18:40","type":"text/html","country":""},"crawling":{"duration":"1","date":"2014/10/31 16:18:40"},"metas":[{"name":"description","value":"Noch mehr Einträge zum Tag location-in-hamburg"},{"name":"keywords","value":"location-in-hamburg"}],"uri":{"protocol":"http","domain":"de.hmb-web.","url":"http://hmb-web.de/tag/location-in-hamburg.html"}}},{"_index":"de_content_201410","_type":"resourceQ","_id":"http://glaskilian.de/ansichtenbecher_von.235+b6ymfja1bjrd0ymzumtd0yjnbyb2r1y3rjrd0ymtkzmizwawrfchjvzhvjdd0ymzumzgv0ywlspq__.0.html","_score":1.0, "_source" : {"body":" Home email Suche Kontakt Versandkosten AGB Widerrufsbelehrung Datenschutzerklärung Impressum Links Inhalt www.glaskilian.de Kontaktformular / Bestellung>> Suche>> Neueingänge Juni>> Neueingänge März>> Ansichtengläser A B Baden-Baden C D E F G H Harz I J K Karlsbad L M N O P Q R Rheinansichten S Sächsische Schweiz Schlesien T Teplitz U V W Warmbrunn Wiesbaden Frankreich Italien Österreich Polen Russland Schweiz Tschechien Unbekannt Apothekengläser Barock Bergbau Biedermeier Biergläser Bierkrüge Bücher Carnival Glas Flaschen Fliesen Formglas Historismus Hyazinthenvasen Jagdgläser Jugendstil & Art Deco Karaffen+Flakons Keramik Lampen Lampenglas Masonica Militaria Modernes Glas Motivgläser Paperweight Porzellan Pressglas Römer Rosenkugeln-Altarkugeln Silberglas Steinzeugflaschen Studentica Trinkgläser vor 1900 Trinkgläser Tummler Uranglas Varia Weihnachtskugeln www.glaskilian.de Ansichtengläser - B    Ansichtenbecher von Mainz - Biberich Böhmen 19. Jh. b1081 Farbloses, sehr reines Glas. Auf der facettiert geschliffenen Wandung drei hochgeschliffene Rundmedaillons mit mattgeschnittenen und bezeichneten Ansichten \"Mainz - Biberich\" und eine Leerreserve. Abgesetzter Lippenrand. H. 12,5 cm BA/AH 1901 09 FCO     b1081 EURO: verkauft/sold (inkl. MwSt.(Differenzbesteuerung) zzgl. Euro 7,- Versandkosten für ein Paket innerhalb Deutschlands) Zurück zur Übersicht Aus technischen Gründen ist bis 16.07.2014 leider kein Versand möglich No shipping until july 16th 2014 Meyr´s Neffe circa 1910 Uwe Wolf - Fridinger Straße 12 - 70619 Stuttgart - Germany You are visitor no. 10636487 ","title":"Ansichtenbecher von Mainz - Biberich Böhmen 19. Jh.","desc":"Old Glass for Collectors and Dealers","details":{"length":1589,"language":"de","date":"2014/10/31 16:18:40","type":"text/html","country":""},"crawling":{"duration":"1","date":"2014/10/31 16:18:40"},"metas":[{"name":"description","value":"Old Glass for Collectors and Dealers"},{"name":"keywords","value":"Glas,Glass,Formglas,Bierkrüge,Beersteins,Ansichtengläser,Biedermeier,Böhmisches,Bohemian,Loetz,Kralik,Moser,Legras,Sevres,Daum,Gallé,Pallme-Koenig,Riedel,Rindskopf,Haida,Steinschönau,Oertel,Conrath,Berndt,WMF,Beck,Zwiesel,Süßmuth,Pfohl,Josephinenhütte,Podbira,Ikora,Myra,Alexandrit,Royalit,Exbor,Lambert,Eisch,Friedrich,Gistl,Peill,Poschinger,Rosenthal,Rotter,Schott,Vannes,Gozo,Malta,Mdina,Avem,Toso,Venini,Barovier,Sommerso,Holmegaard,Verboeket,Humppila,Iittala,Kosta,Nuutajaervi,Riihimäen,Flygsfors,Orrefors,Wineglasses,Stems,Roemers,Decanters,Crystal,Uranium,Portieux,Vallérysthal,Brockwitz,Walther,Hyazinthenvasen,Uranglas,Carnival,Mercury,Bauernsilber,Silberglas,Tummler"},{"name":"DC.Description","value":"Old Glass for Collectors and Dealers"},{"name":"DC.Subject","value":"Glas,Glass,Formglas,Bierkrüge,Beersteins,Ansichtengläser,Biedermeier,Böhmisches,Bohemian,Loetz,Kralik,Moser,Legras,Sevres,Daum,Gallé,Pallme-Koenig,Riedel,Rindskopf,Haida,Steinschönau,Oertel,Conrath,Berndt,WMF,Beck,Zwiesel,Süßmuth,Pfohl,Josephinenhütte,Podbira,Ikora,Myra,Alexandrit,Royalit,Exbor,Lambert,Eisch,Friedrich,Gistl,Peill,Poschinger,Rosenthal,Rotter,Schott,Vannes,Gozo,Malta,Mdina,Avem,Toso,Venini,Barovier,Sommerso,Holmegaard,Verboeket,Humppila,Iittala,Kosta,Nuutajaervi,Riihimäen,Flygsfors,Orrefors,Wineglasses,Stems,Roemers,Decanters,Crystal,Uranium,Portieux,Vallérysthal,Brockwitz,Walther,Hyazinthenvasen,Uranglas,Carnival,Mercury,Bauernsilber,Silberglas,Tummler"},{"name":"generator","value":"TYPO3 4.1 CMS"}],"uri":{"protocol":"http","domain":"de.glaskilian.","url":"http://glaskilian.de/ansichtenbecher_von.235+b6ymfja1bjrd0ymzumtd0yjnbyb2r1y3rjrd0ymtkzmizwawrfchjvzhvjdd0ymzumzgv0ywlspq__.0.html"}}},{"_index":"de_content_201410","_type":"resourceQ","_id":"http://wiggle.fr/northwave/vetements/rouge/?ea=4294936364","_score":1.0, "_source" : {"body":" Formulaire de commentaires Votre opinion est importante et notre équipe voudrait connaître votre avis. Si vous faites face à un problème auquel vous souhaitez recevoir une réponse, vous pouvez contacter notre service client. Nous sommes désolés, une erreur s'est produite. Veuillez entrer vos commentaires Envoyer Formulaire de commentaires Livraison gratuite ! Français / EUR / France Changer Mon compte et ma liste cadeaux Blog Service client Contactez-nous Les cookies et leur utilisation Wiggle Panier Votre panier est vide. Prix/récompenses Wiggle Bienvenue ! Économisez grâce aux remises de fidélité Wiggle. S'enregistrer | Se connecter Accueil Produits Vélos Accessoires Vêtements Pièces Nutrition Chaussures Soldes Les meilleures marques dhb Asics Gore Bike Wear Castelli Assos Garmin Nike Shimano SRAM Boardman FSA Voir toutes les marques de A à Z... Nouveauté Wiggle Vêtements dhb Chaussures Salomon Vêtements Bell Chaussures Asics Accessoires Evoc Campagnolo Accessoires Elite Pièces Campagnolo Vêtements Ronhill Chaussures Inov-8 Voir toutes les nouveautés Wiggle... Service Clients Livraison gratuite Informations sur la livraison Modes de paiement Guide des tailles de vélo Achats sécurisés avec les accréditations ISIS & IDIS Procédure de retours internationaux Contactez-nous Plus de rubriques d'aide... Cyclisme Vélos Vélos route & contre-la-montre Vélos à vitesse unique VTT Vélos pour enfants Vélos urbains & pour navette Voir tous les vélos... Vêtements cyclistes Chaussettes Sous-vêtements compression & thermiques Shorts Pantalons & collants Gants Voir tous les vêtements cyclistes... Produits nutrition pour le cyclisme Nutrition Accessoires cyclistes Bidons & hydratation Outils & entretien Pompes & kit de réparation Sacs & sacoches Éclairages & réflecteurs Voir tous les accessoires cyclistes... Composants cyclistes Pièces Chambres à air Pneus Groupes & transmissions Roues Voir tous les composants cyclistes... Chaussures cyclistes Chaussures Chaussures cyclistes Les meilleures marques pour le cyclisme dhb Oakley Garmin Gore Bike Wear Assos Felt Boardman Continental Castelli Altura FSA Voir toutes les marques de A à Z... Nouveautés Cyclisme Vêtements Bell giro d italia Campagnolo Accessoires Evoc Accessoires Elite Pièces Campagnolo Vêtements Gore Bike Wear Vêtements 2XU Accessoires The North Face Vêtements Giro Voir tous les nouveaux produits cyclistes... Course Vêtements de course Sous-vêtements compression & thermiques Chaussettes Pantalons & collants Shorts Maillots & hauts Voir tous les vêtements de course... Produits nutrition pour la course Nutrition Accessoires de course Idées cadeaux Bidons & hydratation Lunettes de soleil et de natation Sacs & sacoches Cardio, GPS & chronos Voir tous les accessoires de course... Chaussures de course Chaussures de course à pied Chaussures Les meilleures marques pour la course Asics Nike Salomon 2XU Adidas Saucony Mizuno Inov-8 Ronhill New Balance Gore Running Wear Voir toutes les marques de A à Z... Nouveautés Course Chaussures Salomon Chaussures Asics Vêtements Ronhill Chaussures Inov-8 Vêtements 2XU Vêtements Gore Running Wear Accessoires The North Face Chaussures Brooks Vêtements X-Bionic Vêtements Nike Voir tous les nouveaux produits course... Natation Vêtements Natation Maillots de bain Lunettes de soleil et de natation Chapeaux - Divers Vêtements Combinaisons de plongée Produits nutrition pour la natation Nutrition Accessoires natation Idées cadeaux Kits de natation Sacs & sacoches Accessoires Crèmes & produits de soin Voir tous les accessoires natation... Chaussures Natation Chaussures Les meilleures marques pour la natation Orca Aqua Sphere Speedo Zoggs 2XU Zone 3 Maru TYR Adidas Voir toutes les marques de A à Z... Nouveautés Natation Arena Vêtements Arena Adidas Nutrition Torq Voir tous les nouveaux produits natation... Triathlon Vélos de triathlon Vélos route & contre-la-montre Vélos Vêtements de triathlon Chaussettes Sous-vêtements compression & thermiques Maillots de bain Lunettes de soleil et de natation Combinaisons de plongée Voir tous les vêtements pour le triathlon... Produits nutrition pour le triathlon Nutrition Accessoires triathlon Bidons & hydratation Pompes & kit de réparation Cardio, GPS & chronos Rouleaux d'entraînement & accessoires Sacs & sacoches Voir tous les accessoires pour le triathlon... Composants triathlon Pneus Pédales Selles & tiges de selle Roues Cintres & composants Voir tous les composants pour le triathlon... Chaussures pour le triathlon Chaussures de course à pied Chaussures cyclistes Chaussures Les meilleures marques pour le triathlon Orca dhb Felt Continental Asics Nike 2XU Adidas Gore Bike Wear Speedo Zone3 Voir toutes les plus grandes marques pour le triathlon... Nouveautés Triathlon Vêtements Bell Accessoires Elite Vêtements Gore Bike Wear Vêtements Gore Running Wear Vêtements 2XU Chaussures Inov-8 Vêtements Giro Vélos Wilier Vêtements Nike Vêtements Adidas Voir tous les nouveaux produits pour le triathlon... Réductions Soldes Acheter par marque Acheter par marque Les meilleures marques dhb Asics Gore Bike Wear Castelli Assos Garmin Nike Shimano SRAM Boardman FSA Toutes les marques 1000 Mile 2XU 3T A2Z Abus Adidas Adie Airace Alé Alpinestars Altura AMK Animal Apres Velo Aqua Sphere Arena Arundel Ashima Asics Ass Saver Assos Avanti Avid B & W Balega Banana Boat Basso Battaglin BBB Beats By Dre Bell Bianchi BikeParka Biknd BioFlex Bkool Black Mamba Black Series by Tune Blackburn blueseventy Boardman Bobbin Boblbee Bodyglide Bombtrack Bont Bpeople Brakeburn Bridgedale Brooks England bryton BTRUE Camelbak Campagnolo Cane Creek Castelli Cateye Catlike Challenge Charge Chris King Chromag Cinelli Cinelli Bootleg Clarks CleatSkins Clif Bar CNP Colnago Columbus Compressport Continental Contour Cordee Craft Crank Brothers Crud CTC Custom Build CycleOps Cycloc Cyclus Dahon Dakine DataTag De Rosa Deda DeFeet Deuter dhb Dia-Compe Diadora Dirtyhabit DMR DMT Dryrobe DT Swiss Dual Eyewear DVS DZ Nuts e.thirteen Easton Eastway EBC Eclipse Effetto Elite Energised Greens Ergon Etxeondo Evoc Excellent Books Exposure Fast Forward Feedback Sports Feetures Felt Fibre Flare Finish Line Fizik Foffa Bikes For Goodness Shakes Formula Fox Racing Shox FSA Fulcrum Full Windsor Galfer Garmin Gatorade Geax Gemini Genuine innovations Giordana Giro Giro d Italia GoPro Gore Bike Wear Gore Running Wear Green Oil GripGrab GT GU Gusset H2O Audio Halo Halo Proactive Hamax Hardnutz Hawaiian Tropic Helly Hansen High5 Hilly Hiplok Hope howies Hudz Hutchinson IceDOT ID ILE Inov-8 Intrepid Apparel Ion Iron Fist ISM ITM IZONE Izumi Jagwire Jivo K-Edge Kask Kenda Kinesis KMC Knog Kona Kool Stop Kryptonite Lake Las Lazer Le Coq Sportif LeMarq Lemond Fitness Lezyne Lifedge LifeLine Lifesystems Lifeventure Limar Litespeed LittleLife Lizard Skins Look Lumie M:Part Magellan Magura Maru Marzocchi Mavic Maxxis McNett Mekk Merrell Met Miche Michelin Milltag Minoura Mio Mizuno MKS Moa Moda Moon Morgan Blue Morvelo Moser Bikes MRP Muc-Off Mueller MuleBar Multipower Muscletrac Nathan Natural Hero Natures Kiss Nectar Fuel Systems New Balance Nike NiteRider Noene Nokon North Shore Billet Northwave Nuun Oakley ODI Odlo OMM One Industries One23 Orca Ortlieb Osmo Osprey OverBoard Panache Panaracer Park Tools PDW Pedros Petzl Pitlock Plain Lazy POC Polar Polaris PowerBar PowerBreathe PowerTap PR Primal Pro Pro Lite Pro-Tec Problem Solvers Profile Prologo Puma Quarq Quintana Roo Race Face RaceWare Raleigh RapidRacerProducts Rejuvenation Renthal Respro Restrap Reynolds Ridley Riemann Ritchey Rixen Kaul RockShox Rocktape Ronhill Rudy Project RunBreeze RWD Sailfish Salclear Salomon Salsa Santini Sapim Saris Satmap Saturae Saucony Schwalbe Scicon Science in Sport SDG Sea To Summit SealSkinz Selle Bassano Selle Italia Selle San Marco Selle SMP SelleRoyal Shimano Shock Absorber Sidas Sidi Sigg Singular Cycles SixSixOne Skins SKS Slime Smart SockGuy Solo Sony Source Speedfil Speedo Speedplay SPIbelt Spiuk Sportful Sportique Sportourer Sports Cover Sporttape SRAM Stans No Tubes Steadyrack Stuffits Sugoi Supacaz Superfeet Suplest Surly Suunto Swimovate Swissstop Syntace TA Tacx Tanita Tate Labs Tektro Teva The North Face Thomson Tifosi Tiger Tail Tigra Sport Timbuk2 Time Timex Token TomTom Topeak Torq TorTec Tour de France Transfil Trigger Point Trion:Z TRP Truvativ Tubigrip Tubus Tufo TYR Udderly Smooth Ultimate Direction Ultimate Performance Under Armour USE USN Vans VDO Veloflex Velolove Velopress Velox Verenti Vermarc Vibram Vision Vittoria Vredestein Wellgo Wheels Manufacturing White Brothers Wiggle Wilier Wippermann X-Bionic X-Fusion X-Socks Xendurance Yepp Yokozuna Yurbuds Z3R0D Zefal Zipp ZipVit Sport Zoggs Zone3 Zoot Toutes les marques PRIX IMBATTABLES Refer a friend! avec notre politique d'alignement des prix Earn a voucher each time! LIVRAISON GRATUITE EN FRANCE pour tous les vélos SYSTÈME DE RETOURS LOCAL Politique de retours pendant 365 jours Consultez les critiques de nos clients sur TrustPilot ! BON D'ACHAT DE 5 € lorsque vous vous inscrivez à notre newsletter Gamme de prix De: À: Appliquer Réinitialiser Précision de recherche Marque : Northwave Stock En stock uniquement Catégories Accueil Vêtements Maillots & hauts (2) Vestes (1) Sexe Femme (1) Homme (2) Taille (unisexe) XS (1) S (4) M (5) L (3) XL (4) XXL (5) XXXL (2) Couleur Blanc (11) Bleu (3) Jaune (3) Jaune fluo (2) Noir (26) Rouge (3) Vert (2) Accueil > Northwave > Vêtements > Rouge > L Vêtements Northwave Meilleures ventes Prix : ordre croissant Prix : ordre décroissant Ajouté récemment Remise Évaluations des clients Produits : A à Z Produits : Z à A Aller à la liste de comparaison Montrer 1 - 3 de 3 Page: 1 Résultats 24 Maillot Femme Northwave Venus à manches longues VOUS ÉCONOMISEZ 40% Vous payez : 52,68 € (1)   Options En stock, disponible maintenant à la commande Blanc/Noir L Blanc/Noir XXL Noir/Blanc L Noir/Blanc M Noir/Blanc XL Noir/Blanc XS Noir/Blanc XXL Rouge/Noir L Rouge/Noir M Rouge/Noir XL Rouge/Noir XXL   Acheter Aller à la liste de comparaison Toute la gamme : Maillots cyclistes à manches longues Maillot Northwave Mamba à manches longues VOUS ÉCONOMISEZ 40% Vous payez : 56,44 € (1)   Options En stock, disponible maintenant à la commande Rouge/Noir L Rouge/Noir M Rouge/Noir S Rouge/Noir XXL   Acheter Aller à la liste de comparaison Toute la gamme : Maillots cyclistes à manches longues Veste Northwave Evolution Tech Total Protection VOUS ÉCONOMISEZ 40% Vous payez : 112,89 € (2)   Options En stock, disponible maintenant à la commande Blanc/Noir L Blanc/Noir M Blanc/Noir XXL Noir L Noir M Noir S Rouge/Noir L Rouge/Noir M Rouge/Noir S Rouge/Noir XL Rouge/Noir XXXL   Acheter Aller à la liste de comparaison Toute la gamme : Coupe-vents vélo Aller à la liste de comparaison Montrer 1 - 3 de 3 Page: 1 Résultats 24 Voulez-vous comparer ce produit ? Seulement quatre produits peuvent être comparés à la fois. Si vous ajoutez ce produit, le premier produit de la liste sera supprimé. Voulez-vous continuer ? Oui No Service Client Contactez-nous Informations sur la livraison Modes de paiement Passer ou annuler une commande Procédure de retours internationaux Guides d'achat Passer ou annuler une commande Guide des tailles de vélo Tarification de produits Services Évaluations et récompenses des clients Termes et conditions des promotions À propos de Wiggle Travailler chez Wiggle À propos de Wiggle Médias sociaux et concours Affiliation Souscrivez à la newsletter de Wiggle ! Veuillez indiquer votre adresse email Veuillez indiquer une adresse email valide facebook.com twitter.com blog.wiggle.com youtube.com Nous livrons à destination de plus de 90 pays ! Et proposons de nombreuses options de livraison et de paiement United Kingdom España 中国 France Deutschland Sverige Italia USA Australia Россия Nederland 日本 Accueil  | Termes & conditions  | Charte de confidentialité  | Plan du site  | Politique des cookies © Wiggle Ltd. 2014 Wiggle Ltd. 3 Optima, Northarbour Spur Portsmouth, Hampshire, PO6 3TU, United Kingdom Nº d'immatriculation de la société :: 2667809 | Nº de TVA :: 884 2571 94 Il n'est pas possible pour nos clients de réceptionner leur commande à cette adresse. Directeurs généraux : Stefan Barden. ","title":"Wiggle France | Vêtements Northwave en Rouge","desc":"Superbe choix de Vêtements Northwave en Rouge chez Wiggle France, la boutique en ligne pour le cyclisme, la course à pied, la natation et le triathlon. Livraison gratuite disponible dans le monde entier.","details":{"length":12212,"language":"fr","date":"2014/10/31 16:18:40","type":"application/xhtml+xml","country":""},"crawling":{"duration":"1","date":"2014/10/31 16:18:40"},"metas":[{"name":"google-site-verification","value":"40EwPXj_sFTqCF5aoL95HlfCiEILBC3vOV6og-g0QZw"},{"name":"googlebot","value":"NOODP"},{"name":"description","value":"Superbe choix de Vêtements Northwave en Rouge chez Wiggle France, la boutique en ligne pour le cyclisme, la course à pied, la natation et le triathlon. Livraison gratuite disponible dans le monde entier."},{"name":"rating","value":"general"},{"name":"robots","value":"noodp"},{"name":"robots","value":"NOINDEX,FOLLOW"},{"name":"y_key","value":"1b8eff45e8dca44a"},{"name":"msvalidate.01","value":"1EF0DD2853923F7294452BF93DE3BEF3"}],"uri":{"protocol":"http","domain":"fr.wiggle.","url":"http://wiggle.fr/northwave/vetements/rouge/?ea=4294936364"}}},{"_index":"de_content_201410","_type":"resourceQ","_id":"http://campus.buerotec.de/tastatur-und-maeuse/?force_sid=c8a85a018bd06a048d1f3030f09ef3ff","_score":1.0, "_source" : {"body":" Mein Konto Suche Sie sind hier: Lenovo Campus / Tastatur und Mäuse Lenovo Thinkpads L-Serie T-Serie W-Serie X-Serie Edge-Serie Ultrabooks Tablet & Hybrid Thinkpad-Zubehör Netzteile Taschen Docking Lösungen Tastatur und Mäuse Akkus Arbeitsspeicher Sonstiges Lenovo Campus Dieses Angebot richtet sich an Studenten, Schüler, Auszubildende, Meisterschüler, hauptberufliche Lehrkräfte und wissenschaftliche Mitarbeiter an öffentlich-rechtlichen Lehranstalten sowie an öffentlich-rechtliche Schulen, Hochschulen, Universitäten und Forschungseinrichtungen. Voraussetzungen für den Kauf: Hier klicken Klicken Sie hier, um zu unserem Angebot für Geschäftskunden zu gelangen. E-Mail: Passwort: Eingeloggt bleiben Konto eröffnen Passwort vergessen E-Mail: Abmeldung jederzeit möglich » büroTec ist zertifizierter Lenovo Authorized Warranty Service Provider « Garantieabwicklung und Reparaturen werden direkt durch uns in zertifizierter Lenovo-Qualität abgewickelt und ausgeführt. ** Basis-Garantiebedingungen \"Begrenzte Herstellergarantie von Lenovo\". Weitere Informationen zu Lenovo-Garantieservices finden Sie hier Artikel weiter eingrenzen: Artikel Preis LENOVO ThinkPad 10 Ultrabook Keyboard... Art.-Nr. 4X30E68111 114,00 €* Lenovo ThinkPad Bluetooth Laser Mouse Art.-Nr. 0A36407 24,99 €* Lenovo Laser Mouse Art.-Nr. 41U3074 15,47 €* Lenovo USB Enhanced Performance... Art.-Nr. 73P2632 27,50 €* Lenovo Ultraslim Plus Wireless... Art.-Nr. 0A34046 36,00 €* Lenovo ThinkPad USB Travel Mouse Art.-Nr. 31P7410 12,50 €* Lenovo Laser Wireless Mouse Art.-Nr. 0A36188 22,50 €* Lenovo ThinkPad Compact USB Keyboard... Art.-Nr. 0B47202 36,00 €* Lenovo ThinkPad Compact Bluetooth... Art.-Nr. 0B47179 59,00 €* Home | Kontakt | Impressum | AGB | Datenschutz | Zahlungsarten und Versand | Warenkorb | Mein Konto | Mein Merkzettel * Alle Preise inkl. MwSt., zzgl. Versand ","title":"\n        büroTec\n         | Tastatur und Mäuse         | Lenovo Campus                    ","desc":"Sie sind hier  Tastatur und Mäuse. Ihr professioneller IT-Partner","details":{"length":1850,"language":"de","date":"2014/10/31 16:18:36","type":"application/xhtml+xml","country":""},"crawling":{"duration":"1","date":"2014/10/31 16:18:36"},"metas":[{"name":"description","value":"Sie sind hier  Tastatur und Mäuse. Ihr professioneller IT-Partner"},{"name":"keywords","value":"tastatur, mäuse"}],"uri":{"protocol":"http","domain":"de.buerotec.campus.","url":"http://campus.buerotec.de/tastatur-und-maeuse/?force_sid=c8a85a018bd06a048d1f3030f09ef3ff"}}},{"_index":"de_content_201410","_type":"resourceQ","_id":"http://stempelmuehle.de/werkzeug-hilfsmittel/falzbretter/gift-box-punch-board.html?sid=q0h91cd749i4llkdhmi6kokkf2","_score":1.0, "_source" : {"body":" Home AGB Impressum Blog Kontakt Artikelsuche - alle Kategorien - ** Neuheiten ** - 05.07.2014 - 03.07.2014 - 02.07.2014 - 01.07.2014 - 30.06.2014 - 29.06.2014 - 27.06.2014 - 26.06.2014 - 25.06.2014 - 24.06.2014 - 22.06.2014 - 19.06.2014 - 17.06.2014 - 13.06.2014 - 12.06.2014 - 11.06.2014 - 10.06.2014 - 09.06.2014 - 05.06.2014 - 04.06.2014 - 03.06.2014 - 01.06.2014 - 28.05.2014 - 27.05.2014 - 26.05.2014 - 25.05.2014 - 24.05.2014 - 23.05.2014 - 22.05.2014 - 21.05.2014 - 20.05.2014 - 13.05.2014 - 11.05.2014 - 08.05.2014 - 04.05.2014 - 03.05.2014 - 26.04.2014 - 24.04.2014 - 23.04.2014 - 21.04.2014 - 20.04.2014 - 18.04.2014 - 14.04.2014 - 13.04.2014 - 09.04.2014 - 07.04.2014 - 06.04.2014 - 04.04.2014 - 03.04.2014 - 02.04.2014 - 01.04.2014 - 30.03.2014 - 23.03.2014 - 20.03.2014 - 18.03.2014 - 17.03.2014 - 09.03.2014 -- 12.03.2014 - 05.03.2014 - 03.03.2014 - 02.03.2014 - 26.02.2014 - 25.02.2014 - 24.02.2014 - 23.02.2014 - 22.02.2014 - 20.02.2014 - 19.02.2014 - 16.02.2014 - 06.02.2014 - 05.02.2014 - 04.02.2014 - 03.02.2014 - 02.02.2014 - 27.01.2014 - 23.01.2014 - 21.01.2014 - 20.01.2014 - 19.01.2014 - 18.01.2014 - 15.01.2014 - 14.01.2014 - 12.01.2014 - 09.01.2014 - 08.01.2014 - 07.01.2014 - 05.01.2014 - 04.01.2014 - 29.12.2013 - 28.12.2013 - 05.12.2013 - 02.12.2013 - 01.12.2013 - 30.11.2013 - 23.11.2013 - 28.11.2013 - 24.11.2013 - 21.11.2013 - 08.11.2013 - 02.11.2013 - 29.10.2013 - 28.10.2013 - 27.10.2013 - 24.10.2013 - 23.10.2013 Cardstock Dekoartikel und Dekofolien - Folie - Color Dekor - Holz - MDF - PappArt Embellishments - Bänder & Kordeln - Brads - Buchringe - Charms - Chipboard - Diverses - Epiphany Crafts - Eyelets - Flowers - Halbperlen - Knöpfe - Mask stencil - Silicone Mold - Strasssteine - Washi Tape Karten - Umschläge - Doppelkarte A6 + Umschlag - Runde Karten - Tischkarten Kleben Maschinen und Zubehör - Brother Scan-N-Cut Hobbyplotter - Buchbinden - Lochen - Prägen und Stanzen - Schneiden - Silhouette Cameo - Sew Easy Ordnungssysteme Papier / Karton - Glitzerpapier - Motiv-Fotokarton - Papier-/Bastelsets - Perlmutt / Struktur Karton - Tonkarton A4 uni ca. 225 g/m² - Tonpapier A4 uni 130g/m² Scrapbookingpapier - Blöcke 12 x 12 \" - Blöcke 6 x 6 \" - Blöcke diverse Größen - Designpapier - Designpapier 12\" x 12\" - Scrab - Album - Scrapbooker - Sets Stanz - und Prägepuncher - Artemio - Vaessen Stanzen - EK Paper Shapers - Martha Stewart - sonstige Puncher Stanz- und Prägeschablonen - CART US Präge und Schneideschablonen - Cheery Lynn Designs - Craft Dies - Crealies - Darice Embossing Folder - Die-Namics - diverse Embossing Folder - diverse Schneideschablonen - HappyCut - Impression Obession - Dies - Joy Prägeschablonen - Joy! crafts - Kesi art - Kulricke - Cutting Die - Marianne Design CreaTables - Memory Box - Nellies multi frames - Papermania Folder - Prägefolder A4 - Sizzix Bigz Die - Sizzix Bigz Die + Prägen - Sizzix Bigz Die Pro - Sizzix Brenda Walton - Sizzix Embosslits - Sizzix Framelits - Sizzix Framelits und Stamps - Sizzix Pop&#180;Cuts - Sizzix Prägefolder - Sizzix Sizzlits Die - Sizzix Stamp und Emboss - Sizzix Susan&#180;s Garden - Sizzix Thinlits - Sizzix Tim Holtz - Sizziz Triplits - Spellbinders -- Die D-Lites -- Grand -- Label -- Mega Formen -- Oval -- Quadrat -- Rechteck -- Rund -- sonstige Formen - Spellbinders Prägeschablone M-Bossabilities - Wild Rose Dies - Xcut docrafts Stempel und Zubehör - Embossing - Stempel -- Aladine - Maxi Stamps -- Artemio Stempel -- Bildmalarna -- BoBunny -- Butterer - Schrift -- Crafters Companion -- Fiskars Stempelrad -- Hero Arts -- Imaginisce -- Impression Obession -- Inkadinkado -- Joy Crafts Stempel -- Kaisercraft -- Katzelkraft -- Kulricke - Deutsche Texte -- Make it Crafty -- Nellie Snellen -- S.W.A.L.K. -- Sheena Stamps -- Sizzix Stamps -- Sonstige Stempel -- Stampendous -- Stampies -- Viva Decor -- Wild Rose Studio - Stempelkissen -- Adirondack - Ranger -- Chalky Edges -- Color Arts -- Colorbox Chalk -- Distress Ink -- Memento -- Staz On -- Versafine -- VersaMark - Stempelzubehör Sticker - 3D - Sticker - Ribbon - Texte - Transparentsticker Stifte und Farben - 3D Stempelfarbe - Viva - Distress Stain / Distress Crackle / Distress Ink - Gelpens - Glimmer Mist - Glitter Glue - Memento Dual Marker - Paper-Pen - Perfect Pearls - Spectrum Noir - Stickerpen - Tombow Dual Brush Pen Werkzeug & Hilfsmittel - Crimper - Falzbretter - Hilfsmittel - Schneiden - Werkzeuge xxxx Gutscheine xxxx ** Neuheiten ** Cardstock Dekoartikel und Dekofolien Embellishments Karten - Umschläge Kleben Maschinen und Zubehör Ordnungssysteme Papier / Karton Scrapbookingpapier Stanz - und Prägepuncher Stanz- und Prägeschablonen Stempel und Zubehör Sticker Stifte und Farben Werkzeug & Hilfsmittel Crimper Falzbretter Hilfsmittel Schneiden Werkzeuge xxxx Gutscheine xxxx Informationen Datenschutz Versand und Kosten Widerrufsbelehrung Newsletter Partner und Siegel Stempelmuehle ist ein von Trusted Shops geprüfter Onlinehändler mit Gütesiegel und Käuferschutz. Mehr... Sie sind hier: / Werkzeug & Hilfsmittel / Falzbretter Mein Konto E-Mail: Passwort: Eingeloggt bleiben Konto eröffnen Passwort vergessen Newsletter E-Mail: Kunden, die diesen Artikel gekauft haben, kauften auch: Envelope Punch Board Art.Nr.: 71277 mehr Info vergleichen 18,80 € * Gift Bag Punch Board Art.Nr.: 71333 mehr Info vergleichen 18,50 € * Extra Sticky Tape - 3 mm Art.Nr.: HJSTICKY03 mehr Info vergleichen 1,30 € * Engravings Art.Nr.: 10001183 mehr Info vergleichen 9,95 € * Egg Art.Nr.: 658691 mehr Info vergleichen 15,50 € * Artikel 11 / 18 Zurück zur Übersicht « Artikel zurück | nächster Artikel » Artikeldetails Gift Box Punch Board Art.Nr.: 71334 [+] zoom 0 1 2 3 4 5 Keine Bewertungen Hersteller: Memory Keepers sofort lieferbar 18,50 € inkl. MwSt., zzgl. Versandkosten. Menge: vergleichen empfehlen Für die Lieblingsliste bitte einloggen. Für Merkzettel bitte einloggen. Für Wunschzettel bitte einloggen. Gift Box Punch Board   Zusatzinformationen VIDEO Einen Kommentar schreiben Sie müssen angemeldet sein, um einen Kommentar schreiben zu können. Es liegen keine Kommentare zu diesem Artikel vor. Aktueller Artikel Gift Box Punch Board Art.Nr.: 71334   mehr Info 18,50 € * Menge: Artikel 11 / 18 Zurück zur Übersicht « Artikel zurück | nächster Artikel » * Alle Preise inkl. MwSt., zzgl. Versandkosten. © Shop Software der OXID eSales AG Home | Kontakt | Hilfe | Gästebuch | Links | Impressum | AGB | Warenkorb | Mein Konto | Mein Merkzettel | Mein Wunschzettel | Öffentliche Wunschzettel Stempelmuehle - Online-Shop für Stempel, Kartengestaltung und Scrapbookingbedarf Anfertigung von individuellen Karten für Hochzeit, Geburtstag und andere FesteQualität zu fairen Preisen X Sie haben soeben einen Artikel in den Warenkorb gelegt. ","title":"Stempelmuehle | Gift Box Punch Board | Stempelmuehle | Online-Shop für Stempel, Kartengestaltung, Scrapbookingbedarf und Anfertigung von individuellen Karten","desc":"Gift Box Punch Board -","details":{"length":6727,"language":"de","date":"2014/10/31 16:18:37","type":"text/html","country":""},"crawling":{"duration":"1","date":"2014/10/31 16:18:37"},"metas":[{"name":"description","value":"Gift Box Punch Board -"},{"name":"keywords","value":"gift, box, punch, board, werkzeug, &, hilfsmittel, falzbretter"}],"uri":{"protocol":"http","domain":"de.stempelmuehle.","url":"http://stempelmuehle.de/werkzeug-hilfsmittel/falzbretter/gift-box-punch-board.html?sid=q0h91cd749i4llkdhmi6kokkf2"}}},{"_index":"de_content_201410","_type":"resourceQ","_id":"http://traxex.de/forum/ucp.php?mode=privacy&sid=ea80c92b880e016283643f1b7a2011da","_score":1.0, "_source" : {"body":" AlMiSoft Forum Zum Inhalt Erweiterte Suche Foren-Übersicht Ändere Schriftgröße FAQ Registrieren Anmelden AlMiSoft Forum - Datenschutzrichtlinie Diese Richtlinie beschreibt, wie „AlMiSoft Forum“ und ggf. verbundene Institutionen (im Folgenden „das Board“) und phpBB die Daten verwenden, die während deines Foren-Besuchs gesammelt werden. Umfang und Art der Datenspeicherung Deine Daten werden auf zwei verschiedene Arten gesammelt: phpBB erstellt bei deinem Besuch des Boards mehrere Cookies. Cookies sind kleine Textdateien, die dein Browser als temporäre Dateien ablegt. Zwei dieser Cookies enthalten eine eindeutige Benutzer-Nummer (Benutzer-ID) sowie eine anonyme Sitzungs-Nummer (Session-ID), die dir von phpBB automatisch zugewiesen wird. Ein drittes Cookie wird erstellt, sobald du Themen besucht hast und wird dazu verwendet, Informationen über die von dir gelesenen Beiträge zu speichern, um die ungelesenen Beiträge markieren zu können. Weitere Daten werden gesammelt, wenn Informationen an den Betreiber übermittelt werden. Dies betrifft — ohne Anspruch auf Vollständigkeit — zum Beispiel Beiträge, die als Gast erstellt werden, Daten, die im Rahmen der Registrierung erfasst werden und die von dir nach deiner Registrierung erstellten Nachrichten. Dein Benutzerkonto besteht mindestens aus einem eindeutigen Benutzernamen, einem Passwort zur Anmeldung mit diesem Konto und einer persönlichen und gültigen E-Mail-Adresse. Dein Passwort wird mit einer Einwege-Verschlüsselung (Hash) gespeichert, so dass es sicher ist. Jedoch wird dir empfohlen, dieses Passwort nicht auf einer Vielzahl von Webseiten zu verwenden. Das Passwort ist dein Schlüssel zu deinem Benutzerkonto für das Board, also geh mit ihm sorgsam um. Insbesondere wird dich kein Vertreter des Betreibers, der phpBB Group oder ein Dritter berechtigterweise nach deinem Passwort fragen. Solltest du dein Passwort vergessen haben, so kannst du die Funktion „Ich habe mein Passwort vergessen“ benutzen. Die phpBB-Software fragt dich dann nach deinem Benutzernamen und deiner E-Mail-Adresse und sendet anschließend ein neu generiertes Passwort an diese Adresse, mit dem du dann auf das Board zugreifen kannst. Gestattung der Datenspeicherung Du gestattest dem Betreiber, die von dir im Rahmen der Registrierung eingegebenen Daten sowie laufende Zugriffsdaten (Datum und Uhrzeit der Nutzung, IP-Adresse und weitere von deinem Browser übermittelte Daten) zu speichern und für den Betrieb des Boards zu verwenden. Regelungen bezüglich der Weitergabe deiner Daten Der Betreiber wird diese Daten nur mit deiner Zustimmung an Dritte weitergeben, sofern er nicht auf Grund gesetzlicher Regelungen zur Weitergabe der Daten verpflichtet ist oder die Daten zur Durchsetzung rechtlicher Interessen erforderlich sind. Du nimmst zur Kenntnis, dass die von dir in deinem Profil angegebenen Daten und deine Beiträge je nach Konfiguration im Internet verfügbar und von jedermann abrufbar sein können. Gestattung der Kontaktaufnahme Du gestattest dem Betreiber darüber hinaus, dich unter den von dir angegebenen Kontaktdaten zu kontaktieren, sofern dies zur Übermittlung zentraler Informationen über das Board erforderlich ist. Darüber hinaus dürfen er und andere Benutzer dich kontaktieren, sofern du dies an entsprechender Stelle erlaubt hast. Geltungsbereich dieser Richtlinie Diese Richtlinie umfasst nur den Bereich der Seiten, die die phpBB-Software umfassen. Sofern der Betreiber in anderen Bereichen seiner Software weitere personenbezogene Daten verarbeitet, wird er dich darüber gesondert informieren. Auskunftsrecht Der Betreiber erteilt dir auf Anfrage Auskunft, welche Daten über dich gespeichert sind. Du kannst jederzeit die Löschung bzw. Sperrung deiner Daten verlangen. Kontaktiere hierzu bitte den Betreiber. Zurück zur Anmeldemaske Foren-Übersicht Das Team • Alle Cookies des Boards löschen • Alle Zeiten sind UTC + 1 Stunde POWERED_BY Deutsche Übersetzung durch phpBB.de ","title":"AlMiSoft Forum • Persönlicher Bereich • Datenschutzrichtlinie","desc":null,"details":{"length":3943,"language":"de","date":"2014/10/31 16:18:38","type":"application/xhtml+xml","country":""},"crawling":{"duration":"1","date":"2014/10/31 16:18:38"},"metas":[{"name":"resource-type","value":"document"},{"name":"distribution","value":"global"},{"name":"keywords","value":""},{"name":"description","value":""}],"uri":{"protocol":"http","domain":"de.traxex.","url":"http://traxex.de/forum/ucp.php?mode=privacy&sid=ea80c92b880e016283643f1b7a2011da"}}},{"_index":"de_content_201410","_type":"resourceQ","_id":"http://aquapool.de/bb/ucp.php?mode=register&sid=17ad573d3238c8e5f2be6eaf54e37ae2","_score":1.0, "_source" : {"body":" Forum Glossar Kontakt Impressum Startseite Produkte Leistungen Energie sparen Infopool Beratung Das AQUAPOOL Schwimmbad-Forum Alle Themen rund um das Schwimmbad und die Badelandschaft Foren-Übersicht   Kleinanzeigen FAQ Galerie Anmelden Sprache: British English Deutsch (Du) Deutsch (Sie) Das AQUAPOOL Schwimmbad-Forum - Registrierung Mit dem Zugriff auf „Das AQUAPOOL Schwimmbad-Forum“ wird zwischen dir und dem Betreiber ein Vertrag mit folgenden Regelungen geschlossen: 1. Nutzungsvertrag Mit dem Zugriff auf „Das AQUAPOOL Schwimmbad-Forum“ (im Folgenden „das Board“) schließt du einen Nutzungsvertrag mit dem Betreiber des Boards ab (im Folgenden „Betreiber“) und erklärst dich mit den nachfolgenden Regelungen einverstanden. Wenn du mit diesen Regelungen nicht einverstanden bist, so darfst du das Board nicht weiter nutzen. Für die Nutzung des Boards gelten jeweils die an dieser Stelle veröffentlichten Regelungen. Der Nutzungsvertrag wird auf unbestimmte Zeit geschlossen und kann von beiden Seiten ohne Einhaltung einer Frist jederzeit gekündigt werden. 2. Einräumung von Nutzungsrechten Mit dem Erstellen eines Beitrags erteilst du dem Betreiber ein einfaches, zeitlich und räumlich unbeschränktes und unentgeltliches Recht, deinen Beitrag im Rahmen des Boards zu nutzen. Das Nutzungsrecht nach Punkt 2, Unterpunkt a bleibt auch nach Kündigung des Nutzungsvertrages bestehen. 3. Pflichten des Nutzers Du erklärst mit der Erstellung eines Beitrags, dass er keine Inhalte enthält, die gegen geltendes Recht oder die guten Sitten verstoßen. Du erklärst insbesondere, dass du das Recht besitzt, die in deinen Beiträgen verwendeten Links und Bilder zu setzen bzw. zu verwenden. Der Betreiber des Boards übt das Hausrecht aus. Bei Verstößen gegen diese Nutzungsbedingungen oder anderer im Board veröffentlichten Regeln kann der Betreiber dich nach Abmahnung zeitweise oder dauerhaft von der Nutzung dieses Boards ausschließen und dir ein Hausverbot erteilen. Du nimmst zur Kenntnis, dass der Betreiber keine Verantwortung für die Inhalte von Beiträgen übernimmt, die er nicht selbst erstellt hat oder die er nicht zur Kenntnis genommen hat. Du gestattest dem Betreiber, dein Benutzerkonto, Beiträge und Funktionen jederzeit zu löschen oder zu sperren. Du gestattest dem Betreiber darüber hinaus, deine Beiträge abzuändern, sofern sie gegen o. g. Regeln verstoßen oder geeignet sind, dem Betreiber oder einem Dritten Schaden zuzufügen. 4. General Public License Du nimmst zur Kenntnis, dass es sich bei phpBB um eine unter der General Public License (GPL) bereitgestellten Foren-Software der phpBB Group (www.phpbb.com) handelt; deutschsprachige Informationen werden durch die deutschsprachige Community unter www.phpbb.de zur Verfügung gestellt. Beide haben keinen Einfluss auf die Art und Weise, wie die Software verwendet wird. Sie können insbesondere die Verwendung der Software für bestimmte Zwecke nicht untersagen oder auf Inhalte fremder Foren Einfluss nehmen. 5. Gewährleistung Der Betreiber haftet mit Ausnahme der Verletzung von Leben, Körper und Gesundheit und der Verletzung wesentlicher Vertragspflichten (Kardinalpflichten) nur für Schäden, die auf ein vorsätzliches oder grob fahrlässiges Verhalten zurückzuführen sind. Dies gilt auch für mittelbare Folgeschäden wie insbesondere entgangenen Gewinn. Die Haftung ist gegenüber Verbrauchern außer bei vorsätzlichem oder grob fahrlässigem Verhalten oder bei Schäden aus der Verletzung von Leben, Körper und Gesundheit und der Verletzung wesentlicher Vertragspflichten (Kardinalpflichten) auf die bei Vertragsschluss typischerweise vorhersehbaren Schäden und im übrigen der Höhe nach auf die vertragstypischen Durchschnittsschäden begrenzt. Dies gilt auch für mittelbare Folgeschäden wie insbesondere entgangenen Gewinn. Die Haftung ist gegenüber Unternehmern außer bei der Verletzung von Leben, Körper und Gesundheit oder vorsätzlichem oder grob fahrlässigem Verhalten des Betreibers auf die bei Vertragsschluss typischerweise vorhersehbaren Schäden und im Übrigen der Höhe nach auf die vertragstypischen Durchschnittsschäden begrenzt. Dies gilt auch für mittelbare Schäden, insbesondere entgangenen Gewinn. Die Haftungsbegrenzung der Absätze a bis c gilt sinngemäß auch zugunsten der Mitarbeiter und Erfüllungsgehilfen des Betreibers. Ansprüche für eine Haftung aus zwingendem nationalem Recht bleiben unberührt. 6. Änderungsvorbehalt Der Betreiber ist berechtigt, die Nutzungsbedingungen und die Datenschutzrichtlinie zu ändern. Die Änderung wird dem Nutzer per E-Mail mitgeteilt. Der Nutzer ist berechtigt, den Änderungen zu widersprechen. Im Falle des Widerspruchs erlischt das zwischen dem Betreiber und dem Nutzer bestehende Vertragsverhältnis mit sofortiger Wirkung. Die Änderungen gelten als anerkannt und verbindlich, wenn der Nutzer den Änderungen zugestimmt hat. Informationen über den Umgang mit deinen persönlichen Daten sind in der Datenschutzrichtlinie enthalten.   Foren-Übersicht Das Team • Alle Cookies des Boards löschen • Alle Zeiten sind UTC + 1 Stunde Powered by phpBB® Forum Software © phpBB Group, Deutsche Übersetzung durch phpBB.de, phpBB SEO, Advertisements by Advertisement Management Rufen Sie uns an Unsere Hotline: +49 (0)4121 - 26 13 407 Mo. - Fr. 8:00 Uhr - 17:00 Uhr Hier finden Sie uns AQUAPOOL Deutschland e.K. Deichstraße 6 25335 Elmshorn Inh. Michael Gödeke Nützliche Links Forum Glossar Kontakt Impressum Sitemap Suche Direktkontakt Bei Fragen senden Sie uns eine E-Mail an: info@aquapool.de Oder nutzen Sie unser Kontaktformular ","title":"Das AQUAPOOL Schwimmbad-Forum • Persönlicher Bereich • Registrieren","desc":null,"details":{"length":5536,"language":"de","date":"2014/10/31 16:18:38","type":"application/xhtml+xml","country":""},"crawling":{"duration":"1","date":"2014/10/31 16:18:38"},"metas":[{"name":"resource-type","value":"document"},{"name":"distribution","value":"global"},{"name":"keywords","value":""},{"name":"description","value":""}],"uri":{"protocol":"http","domain":"de.aquapool.","url":"http://aquapool.de/bb/ucp.php?mode=register&sid=17ad573d3238c8e5f2be6eaf54e37ae2"}}},{"_index":"de_content_201410","_type":"resourceQ","_id":"http://rohstoffecheck.de/news/suche.m?date_day=2014-05-15&month=5&org_nr=1439&type=news_analysen&year=2014","_score":1.0, "_source" : {"body":" Home Analysen News Marktberichte Termine Kurse Lexikon Forum Newsletter Rohstoffe Termine Suche nach Kursen  Aktien  Fonds  Zertifikate  Optionsscheine  Optionen & Futures  Rohstoffe nach Artikeln alle Artikel nur Analysen nur News als Quelle   WKN/ISIN/Symbol/Name Newsletter   Login Depot + Forum   Passwort vergessen? Suchergebnisse:     LPKF LASER+ELECTRON. Kalender Mai 2014 Wo Mo Di Mi Do Fr Sa So 18 01 02 03 04 19 05 06 07 08 09 10 11 20 12 13 14 15 16 17 18 21 19 20 21 22 23 24 25 22 26 27 28 29 30 31                   Mai Jan Feb Mär Apr Mai Jun Jul Aug Sep Okt Nov Dez   2014 2000 2001 2002 2003 2004 2005 2006 2007 2008 2009 2010 2011 2012 2013 2014   Zum Eingrenzen der Suchergebnisse können sie den nebenstehenden Kalender verwenden und die Ergebnisse auf einen Tag, eine Woche oder einen Monat Ihrer Wahl einschränken.       keine Ergebnisse gefunden alle Artikel in Analysen in News Suchbegriff ist eine Quelle Hilfe: Bitte geben Sie einen Suchbegriff ein, z.B. \"BMW\", um alle Analysen und News über BMW aufgelistet zu bekommen, die innerhalb der Site von AktienCheck vorhanden sind! Copyright 2007 - 2014 rohstoffecheck.de, implementiert durch ARIVA.DE AG     ","title":"RohstoffeCheck","desc":null,"details":{"length":1180,"language":"de","date":"2014/10/31 16:18:38","type":"application/xhtml+xml","country":""},"crawling":{"duration":"1","date":"2014/10/31 16:18:38"},"metas":[{"name":"description","value":""},{"name":"keyword","value":""}],"uri":{"protocol":"http","domain":"de.rohstoffecheck.","url":"http://rohstoffecheck.de/news/suche.m?date_day=2014-05-15&month=5&org_nr=1439&type=news_analysen&year=2014"}}},{"_index":"de_content_201410","_type":"resourceQ","_id":"http://realesexkontakte.de/setcard/1497280/beachgirlie90.html","_score":1.0, "_source" : {"body":" Name: Passwort: Über 600.000 Mitglieder Sofortkontakt bei uns auch ohne Abo Kostenlos anmelden und direkt loslegen Dating per E-Mail, Telefon, und Direkt-Nachricht Upload von Bildern, Videos und Tonaufnahmen Jetzt ein Date finden Ich bin: ein Mann eine Frau ein Paar Ich suche: egal einen Mann eine Frau ein Paar Altersbereich: egal 18-29 30-39 40-49 50-99 PLZ: 0.... 1.... 2.... 3.... 4.... 5.... 6.... 7.... 8.... 9.... egal Land: egal Deutschland Oesterreich Schweiz   Einfach anmelden und mit den aller neuesten Features im WEB flirten und baggern, was das Zeug hält. Finde schnell und unkompliziert das Prefekte Gegenstück, mehr als 600.000 User können nicht irren, denn nur wir bieten ihnen diese Features die sie so bei keinem anderen Anbieter finden. - Gratis Anmeldung - Kein Abozwang - schneller Einstieg - Umkreissuche - Bilder-Upload - Video-Upload - Audio-Upload - Communities - Eigene Foren - Kontaktgarantie Profil von Beachgirlie90 - Jetzt Gratis anmelden Nickname: Beachgirlie90 Alter: 21 Ort: Möckern Beschreibung: Ich bin eine Sonnenanbeterin und genieße jede Sekunde in der Sonne :-) SexyBia... (28) Treis-K... lenora79 (32) Essling... Dieecht... (31) Berlin sina1984 (27) krefeld sexy1970 (42) Berlin Ladie52 (57) Luhden sexyHex... (32) Rastatt LaLoba7... (18) Böblingen nong91 (20) biberach mcfnBitch (25) Oberkochen Chakuchako (22) Dörth SexyPas... (20) Bonn Tennisl... (50) erfurt Marilia6 (26) Rukieten Arleta25 (26) Obersüß... artepan (50) kï¿½ janabum... (25) Loehne Heisses... (26) Büchenbach neuste User Maraike27 (27) Helvesiek Hamburg... (24) Hamburg Gisella111 (26) Barntrup Annabel... (54) Essen Melani2... (23) Kronshagen FAQ / AGB / Impressum / Webmaster / Sitemap ","title":"Realesexkontakte | Sofortkontakt zu Beachgirlie90! Online flirten im kostenlosen Dating Portal!","desc":"Ich bin eine Sonnenanbeterin und genieße jede Sekunde in der Sonne :-)","details":{"length":1701,"language":"de","date":"2014/10/31 16:18:39","type":"application/xhtml+xml","country":""},"crawling":{"duration":"1","date":"2014/10/31 16:18:39"},"metas":[{"name":"keywords","value":""},{"name":"description","value":"Ich bin eine Sonnenanbeterin und genieße jede Sekunde in der Sonne :-)"}],"uri":{"protocol":"http","domain":"de.realesexkontakte.","url":"http://realesexkontakte.de/setcard/1497280/beachgirlie90.html"}}},{"_index":"de_content_201410","_type":"resourceQ","_id":"http://molbr.it/zjuul-krapuul/ego-solidair/","_score":1.0, "_source" : {"body":" Index Fogliare Artisti che iniziano con la lettera 0-9 Zjuul Krapuul Ego Solidair Zjuul Krapuul Tutte le canzoni RICERCA FREE MUSIC Ego Solidair Testo della canzone Den ene is bescheiden , en is rap content tevreden met het zijne , 't is me onbekend Ik willekik geen beetje , ik wil altijd veel Sex v'r pietje , en ook financieel D'r zen zo van die mensen , met nen dikke nek Alles wat ze wensen en dus geen gebrek Ik rat het allemaal , en dat is niks te vroeg Alles integraal , en dat is niet genoeg Ene v'r alles , en alles v'r een In ene keer alles of anders geen Ene v'r alles en alles v'r een In ene keer alles v'r mij alleen ! Alles van een ander willekik v'r mij nie het een of taander , maar wel allebei Wie nie waagt , wie nie wint , is een schoon clichè Wat dat gij vandaag verdient , Dat is straks mijn pree Ook al is't een beetje grillig , doe nie ambetant Ge geeft het mij vrijwillig zonder tegenstand Goud of juwelen , met wat geld erbij D'r valt hier nix te delen , allemaal v'r mij Ene v'r alles , en alles v'r een In ene keer alles of anders geen Ene v'r alles en alles v'r een In ene keer alles v'r mij alleen ! Van pronken of stoefen krijgde altijd spijt Ik rat het op men sloefen , en ge zijt het kwijt Horlogen , gouwe tanden , of een bragilet Tzit ammel in mijn zakken nog v'r dat ge't weet Scrupules of geweten hemmek nooit nie g'had En v'r spijt of v'r berouw , sturekik mijn kat Bestelen & bedriegen noemekik tactiek Maar v'r de meeste mensen heet het politiek Ene v'r alles , en alles v'r een In ene keer alles of anders geen Ene v'r alles en alles v'r een In ene keer alles v'r mij alleen ! Ene v'r alles , en alles v'r een In ene keer alles of anders geen Ene v'r alles en alles v'r een In ene keer alles v'r mij alleen ! Zjuul Krapuul 't Kiekelieke Caeleste Catharsis Dank Oh Lieven Heer De Hormonenblues De Kat De Laatste Dagen Deja Vu Ego Solidair Frivolus Gezonde Agressie H.a.r.l.e.y. H.D. in aeternum Het Is Voorbij Hey Harley Idyllium nocturnus Koning Alcohol Konzjee Nosferatu Pa Pegasus Pietje Pech Primavera Prinseske Strijdlied V'r 's Liza Wie Gotter Mee? Wij twee Zjamadeus Zonder Afscheid Ascoltare musica gratis - Ascoltando la canzone Ego Solidair, diZjuul Krapuul - Den ene is bescheiden , en is rap content / tevreden met het zijne , 't is me onbekend / Ik willekik geen beetje , ik wil altijd veel / Sex v'r pietje , e   TOP 50 ARTISTS Paula Fernandes 143 songs Harpa Cristã 644 songs Aline Barros 342 songs Zezé Di Camargo e Lucian 362 songs Eduardo Costa 209 songs Jorge e Mateus 178 songs Aviões do Forró 719 songs Roberto Carlos 701 songs Calcinha Preta 308 songs Bruno & Marrone 351 songs Michael Jackson 358 songs Carrossel 25 songs Silvano Sales 80 songs Exaltasamba 253 songs Legião Urbana 216 songs A Turma Do Balão Mágico 107 songs Músicas Infantis 45 songs Vitor e Léo 91 songs Padre Zezinho 412 songs Luan Santana 116 songs Yudi Tamashiro 19 songs 50 Cent 273 songs Michel Teló 33 songs Adele 35 songs Eliana 260 songs Edson Gomes 96 songs McFly 199 songs 4Head 1 song Barrerito 50 songs Zilo e Zalo 81 songs Barbie 46 songs Xuxa 535 songs Marcos Antonio 174 songs Renan e Ray 28 songs Mc Daleste 12 songs Raça Negra 214 songs Furacão 2000 99 songs Festas - Ano Novo (Reveil 1 song Belo 210 songs Corinhos Evangélicos 181 songs Palhaço Caçarola 10 songs Bonde do Forró 102 songs Sorriso Maroto 182 songs Mc Pikeno e Menor 23 songs Racionais Mc's 118 songs Padre Marcelo Rossi 178 songs Banda Céu E Cantos 21 songs Gusttavo Lima 47 songs Felipe e Falcão 161 songs Bruna Karla 79 songs   MUSIC NEWS 26/12 - Is Justin Bieber retiring? His tweet says he is... 26/09 - Rock in Rio is confirmed for 2015 26/09 - Knows Yago, a singer that show rock with new vision of world 24/09 - Marcelo Jeneci show new single 'De GraÃ§a' on web 24/09 - Cher Lloyd release video in partner rapper T.I 09/09 - Gary Schutt releases tracklist of new album 09/09 - Avril Lavigne releases more a track of new album 03/09 - Arctic Monkeys promote new track of album 'AM' 03/09 - Rodrigo Sha release new video 'Only Love' 27/08 - Daft Punk releases new video in Youtube 27/08 - Green Day release documentary â€œBroadway Idiotâ€� 26/08 - Taylor Swift and J.Lo get on stage together 26/08 - Listen to more a track of Korn's new album 14/08 - Lady Gaga promote new single 'Applause' in WEB 06/08 - Kings of Leon promote new video 'Supersoaker' Contattaci  Musica Online © - Dal 1998 di Andre Luis de Andrade | Twitter: @andreandrade : @iLoveMOLBR Versione Italiana ' http://www.molbr.it' Leggi la nostra privacy policy Cerca per artista 0-9 A B C D E F G H I J K L M N O P Q R S T U V W X Y Z » Tutti gli artisti Stili musicali Axe Music (Brasile) Blues Country Dance Regionale (Brasile) Forró (Brasile) Vangelo Hard Core Hip Hop Canzoni per bambini Catholic Music Strumentale Jazz Metal Musica popolare brasiliana New Age Opera Altri stili ... Pagode (Brasile) POP Punk Rock Reggae Rock Samba (Brasile) Sertanejo (Brasile) Techno Music News Ascoltare la musica 0-9 A B C D E F G H I J K L M N O P Q R S T U V W X Y Z » TUTTE LE PLAYLIST ","title":"Ego Solidair - Zjuul Krapuul | Listen to Music - Musica Online","desc":"Ascoltare musica gratis - Ascoltando la canzone Ego Solidair, diZjuul Krapuul - Den ene is bescheiden , en is rap content / tevreden met het zijne , 't is me onbekend  / Ik willekik geen beetje , ik wil altijd veel  / Sex v'r pietje , e","details":{"length":5066,"language":"nl","date":"2014/10/31 16:18:40","type":"text/html","country":""},"crawling":{"duration":"1","date":"2014/10/31 16:18:40"},"metas":[{"name":"robots","value":"index,follow"},{"name":"msvalidate.01","value":"DF71144200646C081ACDB9E0B291CB9A"},{"name":"application-name","value":"Musica Online"},{"name":"msapplication-starturl","value":"http://www.molbr.it"},{"name":"og:image","value":"http://www.molbr.it/imgs/musiconline_logo.png"},{"name":"og:site_name","value":"Musica Online"},{"name":"fb:app_id","value":"522756331113693"},{"name":"fb:admins","value":"1639053249"},{"name":"author","value":"Andre Luis de Andrade"},{"name":"rating","value":"general"},{"name":"keywords","value":"Ego Solidair, Zjuul Krapuul Ego Solidair, listen Ego Solidair, listen Zjuul Krapuul, free music Zjuul Krapuul, radio Zjuul Krapuul, , radio online, Den ene is bescheiden , en is rap content, tevreden met het zijne , 't is me onbekend , Ik willekik ge"},{"name":"description","value":"Ascoltare musica gratis - Ascoltando la canzone Ego Solidair, diZjuul Krapuul - Den ene is bescheiden , en is rap content / tevreden met het zijne , 't is me onbekend  / Ik willekik geen beetje , ik wil altijd veel  / Sex v'r pietje , e"},{"name":"og:url","value":"http://www.molbr.it/zjuul-krapuul/ego-solidair/"},{"name":"og:title","value":"Zjuul Krapuul - Ego Solidair"},{"name":"og:de scription","value":"Ascoltare musica gratis - Ascoltando la canzone Ego Solidair, diZjuul Krapuul - Den ene is bescheiden , en is rap content / tevreden met het zijne , 't is me onbekend  / Ik willekik geen beetje , ik wil altijd veel  / Sex v'r pietje , e"},{"name":"og:type","value":"song"}],"uri":{"protocol":"http","domain":"it.molbr.","url":"http://molbr.it/zjuul-krapuul/ego-solidair/"}}},{"_index":"de_content_201410","_type":"resourceQ","_id":"http://studioexpress.de/hedler-p-6600.html?oscsid=i3nc1vk1h1qejo1fo6fcacrde4","_score":1.0, "_source" : {"body":" Bestellhilfe / Manuals / Widerruf/Reklamation (RMA) / Händler / Impressum Erweiterte Suche |  Site Map Marke wählen Neu registrieren |  Passwort vergessen Service & Bestellhotline: +49 (0)7044 - 90 87 53 Ihr Warenkorb ist leer. Startseite Schnäppchen Neue Produkte Studioblitz & Studioset Portable Blitze & Akku Softboxen Lichtformer Reflexschirme Halogenlicht/Tageslicht     Walimex     Hedler        C-Leuchten        Halogenleuchten        Tageslichtleuchten           Hedler Tageslichtleuchte           Reflektoren           Softboxen           Schirme           Zubehör        Leuchten-Kits     Hensel     Priolite Akku-LED-Leucht     Leuchtmittel     Sicherungen Hintergrund & Zubehör Studioausstattung Tasche, Rucksack & Koffer Stativ, Kugelkopf & Neiger Video-DSLR & Camcorder Foto-Zubehör Bildpräsentation Geschenkgutscheine LED-TECHNIK HEDLER DX 15 [HD1511] 517,65€ inkl. MwSt zzgl. Versandkosten: 5,90€ Versandkosten Ausland hier Lieferzeit 1-3 Werktage Gewünschte Stückzahl : HEDLER DX 15 Die lüfterlose, speziell für die Anforderungen des DigitalVideo komplett neu konstruierte Taglichtleuchte. Durch den fehlenden Lüfter ist sie hervorragend für O-Tonaufnahmen geeignet, mit ihrer Metall-Halogenlampe 150 W / SE erzeugt sie ein flickerfreies Licht mit ca. 5800 Kelvin und bietet als Besonderheit ein integriertes elektronisches Vorschaltgerät mit Lampenfehlererkennung. Für den professionellen Dauerbetrieb ausgelegt, hat die Lampe eine mittlere Lebensdauer von ca. 6000 Betriebsstunden, das elektronische Vorschaltgerät von 60000 Stunden! Weiterer Vorteil - die verwendete Lampe liefert eine Lichtleistung die ca. der einer 600 Watt Standardhalogenlampe entspricht. Darüber hinaus zeigt sie im Lichtkegelbereich nur eine geringe Erwärmung - insbesondere bei wärmeempfindlichen Objekten bei kurzer Ausleuchtdistanz bedeutet das ganz neue Möglichkeiten bei der Aufnahmedauer und beim Ausleuchten. Stichwort Ausleuchten: eine definierte Lichtcharakteristik ist perfekt, gezielt eingesetzte Abwechslung bringt noch mehr Perfektion! Aus diesem Grund ist die neue HEDLER DX 15 mit nahezu allen aktuellen Hedler Reflektoren, Softboxen, Schirmen und Zubehör ausrüstbar. Damit empfiehlt sich die Leuchte über das DigitalVideo hinaus zusätzlich für alle Bereiche der analogen und digitalen Fotografie und Dokumentation. Die Lieferung erfolgt inklusive Sicherheitsglas klar, einer Metalldampfhalogenlampe 150 W / SE und dem integrierten elektronischen Vorschaltgerät sowie Schwenkbügel mit Stativschnellanschluss und Scheibenbremse... ...sowie ab sofort mit dem neuen HEDLER QuickFit Schnellanschluss für Hedler Reflektoren und MaxiSoft Faltreflektoren! Technische Daten: Spannung 230 - 250 V / 50 - 60 Hz maximale Lichtleistung in Watt   230 - 250 V   BA 150 W SE Betriebsumfeldtemperatur -10º - +50º C Gehäuse Material Aluminium Wechselstrom-Motor --- Gleichstrom-Motor --- Gebläsekühlung normal keine Gebläsekühlung automatisch keine Stativ-Anschluss Hülse 5/8\" Gewicht 2350 Gramm Gehäusemaße ohne Bügel Länge x Breite x Höhe 160 x 165 x 180 mm Netzkabel-Länge 3,5 m geeignet für O-Ton Aufnahmen ja Vorschaltgerät eingebaut ja Überhitzungsschutz Vorschaltgerät ja Prüfstandards CE NEU: Für die hocheffiziente und leistungsstarke HEDLER DX 15 Dauerlichtleuchte mit TAGLICHTfarbtemperatur bietet die Hedler Systemlicht GmbH ab sofort eine neues, ebenfalls effizientes Leuchtmittel mit KUNSTLICHTfarbtemperatur an. Für alle, die die Vorteile der lüfterlosen HEDLER DX 15 in Kombination mit Halogenlicht einsetzen wollen, ist ein spezielles Leuchtmittel mit Kunstlichtfarbtemperatur erhältlich. Dabei ist auch dieses HEDLER DX 15 Leuchtmittel sehr effizient: liefert es doch bei einer Leistungsaufnahme von 150 Watt eine Lichtmenge, die der einer 700 Watt Halogenlichtlampe entspricht. Zusätzliche Anwendervorteile - das Leuchtmittel hat eine durchschnittliche Lebensdauer von ca. 4000 (!) Betriebsstunden, liefert in Kombination mit dem in die DX 15 integrierten Vorschaltgerät ein \"flicker-freies\" Licht und kann einfach ausgetauscht werden. Der Preis für dieses Leuchtmittel beträgt 54,74 Euo inkl. MWST., die Bestellnummer lautet < HD1532 >. » Zahlung & Versand » Datenschutz » Rücksendungen » Gutschein FAQ » Batteriegesetz » Widerrufsrecht » Unsere AGB Zahlungsoptionen: 3% Rabatt bei Vorkasse Sofortüberweisung Paypal Kreditkarte ","title":"www.studioexpress.de Hedler Tageslichtleuchten - - HEDLER DX 15","desc":"Hedler Tageslichtleuchten - - HEDLER DX 15Die lüfterlose, speziell für die","details":{"length":4341,"language":"de","date":"2014/10/31 16:18:39","type":"text/html","country":""},"crawling":{"duration":"1","date":"2014/10/31 16:18:39"},"metas":[{"name":"Description","value":"Hedler Tageslichtleuchten - - HEDLER DX 15Die lüfterlose, speziell für die"},{"name":"Keywords","value":"Hedler Tageslichtleuchten , , HEDLER DX 15"},{"name":"googlebot","value":"all"},{"name":"revisit-after","value":"1 days"},{"name":"robots","value":"index, follow"},{"name":"Reply-to","value":"vertrieb@studioexpress.de"}],"uri":{"protocol":"http","domain":"de.studioexpress.","url":"http://studioexpress.de/hedler-p-6600.html?oscsid=i3nc1vk1h1qejo1fo6fcacrde4"}}},{"_index":"de_content_201410","_type":"resourceQ","_id":"http://tranquillo-shop.de/fashion/collection-spring-summer-2014/dresses.html?___from_store=default_de&___store=default_es&price=4%2c10&size=4","_score":1.0, "_source" : {"body":" Zur Tranquillo Startseite Mi cuenta Mi lista de artículos de interés Mi carrrito Realizar Pedido Iniciar sesión Idioma: Buscar Ir Navegación de la categoría Ropa Collection Spring/Summer 2014 Jackets Tops Dresses Skirts Pants Mens Wear Kids Wear Bags & Accessories Collection Autumn/Winter 2013-14 Jackets Tops Dresses Skirts Pants Mens Wear Kids Wear Bags Wool & Accessories Bolsos Wellies Bolsos Purses Lana & Accessoires Henna Color Belts Miscellaneous Lifestyle Mueble Cabinet Shelves Sideboards Tables & Chairs Chest Seating Furniture Light Pendant Light Lanterns Paper Stars Table Lamps Candlestick Candles Knobs & Hooks Pomos Conos Conical-Small Karbuja Redondos grande Redondos medium Redondos pequenos Plano Nuevo Niños Doorstop Knob Pendant Hooks Home Textiles Cojines The CoucHies Cushion Cover 25x25 Cushion Cover 30x20 Cushion Cover 30x30 Cushion 30x35 Cushion Cover 40x40 Cushion Cover 45x25 Cushion Cover 50x30 Cushion Cover 50x35 Cushion Cover 50x40 Cushion Cover 50x50 Cushion Cover 50x60 Cushion Cover 60x40 Cushion Cover 60x60 Chair Cushion Pouffe Fillings Stuffed Animals Coverlet Storage Boxes & Tins Dishes & Baskets Caja Dinero Shelf Drink & Travel Bottles Kitchen Tea Dishes Kitchen Textiles Accessories Home Accessories Soap Dishes Vases Coaster Dishes & Baskets Doorstop Mobilée Lanterns Mezcolanza Picture Frames Pendants Stamps Decoration Figures For Kids Storage Hooks Bags & Purses Light Games Stuffed Animals Papeterie Notebooks Pencil Case Deco-Tape & Stickers Postcards Stamps Card Holder Memory Boards Picture Frames Photo Albums Bags & Purses Shoulder Bags Waist Bags Purses Vanity Bags Jewellery Bags Voucher Aroma Incienso Classic Nepal Himalaya Flower Dhoop Sticks Tibet Hexagon Rebajas Fashion Chaquetas Tops Vestidos Faldas Pantalones Infantiles Mens Wear Lana & Accessoires Bags Accessoires Furniture Light Knobs & Hooks Home Textiles Storage Home Accessories Papeterie Miscellaneous NEW! Gift Ideas Dresses No hay productos que concuerden con la selección. Boletín de noticias Newsletter subscription. EMail Aktion anmelden abmelden Wir haben Deine Anfrage erhalten. Katalog Would you have our catalog at home? Please write your address and email-address and we'll send you the catalog for free. Vorname Nachname Straße Nr. PLZ Ort Vielen Dank für deine Anfrage. Dein Katalog ist unterwegs. Reseller Stores General Business Terms Declaration of Revocation Privacy Policy Order Payment Shipping Returns Washing Instructions Size Chart FAQ Imprint Mapa del sitio Términos de búsqueda Búsqueda Avanzada Contáctenos © 2010 Tranquillo GmbH // All Rights Reserved // Layout & Umsetzung durch das medienbüro360 Mi carrrito No tiene artículos en su carrito de compras. Shop By Currently Shopping By Quitar este artículo Precio: € 30,00 - € 40,00 Quitar este artículo Tamaño: L Borrar todo ","title":"Tranquillo Online-Store","desc":"Tranquillo Dresden","details":{"length":2824,"language":"es","date":"2014/10/31 16:18:39","type":"application/xhtml+xml","country":""},"crawling":{"duration":"1","date":"2014/10/31 16:18:39"},"metas":[{"name":"description","value":"Tranquillo Dresden"},{"name":"keywords","value":"Tranquillo Dresden"},{"name":"robots","value":"INDEX,FOLLOW"}],"uri":{"protocol":"http","domain":"de.tranquillo-shop.","url":"http://tranquillo-shop.de/fashion/collection-spring-summer-2014/dresses.html?___from_store=default_de&___store=default_es&price=4%2c10&size=4"}}},{"_index":"de_content_201410","_type":"resourceQ","_id":"http://musikschule-wereuvkin.de/component/jevents/day.listevents/2015/05/08/-.html","_score":1.0, "_source" : {"body":" Skip to Content Jump to Main Navigation and Login Jump to additional Information Search, View and Navigation Fotos Videos Downloads Forum ILIAS Suchen Home   Hauptmenü Willkommen Über mich Musikunterricht Preise Kontakt Impressum Terminkalender Jahresansicht Monatsansicht Wochenansicht Heute Suche Zum ausgwählten Monat wechseln Januar Februar März April Mai Juni Juli August September Oktober November Dezember 2012 2013 2014 2015 2016 2017 2018 2019 Zum ausgwählten Monat wechseln Termine für Freitag, 08 Mai 2015 JEvents v1.5.2   Copyright © 2006-2009 Copyright © 2010 Private Musikschule Wereuvkin - Im Strange 18 - 32257 Bünde, Telefon: 05223-653818 ","title":"Musikschule Wereuvkin","desc":"Private  Musikschule Wereuvkin – hochqualifizierter Musikunterricht in deutscher und russischer Sprache.","details":{"length":657,"language":"de","date":"2014/10/31 16:18:40","type":"application/xhtml+xml","country":""},"crawling":{"duration":"1","date":"2014/10/31 16:18:40"},"metas":[{"name":"robots","value":"no-index, no-follow"},{"name":"keywords","value":"Russische Musikschule, Wereuvkin, Veronika Wereuvkin, Musikschule, Musikschule Bünde, Kinder, russki, russkii, musikalka, Russisch, Gesang, Gesangsunterricht, Klavier, Klavierunterricht, Bünde, Musikalische Früherziehung"},{"name":"description","value":"Private  Musikschule Wereuvkin – hochqualifizierter Musikunterricht in deutscher und russischer Sprache."},{"name":"generator","value":"Joomla! 1.5 - Open Source Content Management"}],"uri":{"protocol":"http","domain":"de.musikschule-wereuvkin.","url":"http://musikschule-wereuvkin.de/component/jevents/day.listevents/2015/05/08/-.html"}}},{"_index":"de_content_201410","_type":"resourceQ","_id":"http://kreta-umweltforum.de/wbb2/register.php?sid=c45a83347b7a894fbe26efbb4598e3f1","_score":1.0, "_source" : {"body":" Kreta-Umweltforum | Regeln Die Registrierung und Benutzung unserer Foren ist völlig kostenlos für Sie. Klicken Sie auf »Akzeptieren«, wenn Sie die hier genannten Regeln und Erklärungen anerkennen. Danach können Sie sich registrieren. Obwohl die Administratoren und Moderatoren von Kreta-Umweltforum versuchen, alle unerwünschten Beiträge/Nachrichten von diesem Forum fernzuhalten, ist es unmöglich, alle Beiträge/Nachrichten zu überprüfen. Alle Beiträge/Nachrichten drücken die Ansichten des Autors aus und die Eigentümer von Kreta-Umweltforum oder WoltLab GmbH (Entwickler dieses Forensystems) können nicht für den Inhalt jedes Beitrags verantwortlich gemacht werden. Mit dem Vollenden der Registrierung erklären Sie sich damit einverstanden, das Forum nicht für Obszönitäten, Vulgäres, Beleidigungen, Propaganda (extremer) politischer Ansichten oder (verbaler) Verstöße gegen das Gesetz zu missbrauchen. Weiterhin können Einträge sowie Accounts durch Moderatoren und Administratoren des Forums u.a. aus Gründen des Verstoßes gegen gute Sitten ohne weitere Begründung editiert oder gelöscht werden. Viel Spaß beim Nutzen vom Kreta-Umweltforum! Impressum Forensoftware: Burning Board 2.3.6, entwickelt von WoltLab GmbH ","title":"Kreta-Umweltforum | Registrierung","desc":null,"details":{"length":1220,"language":"de","date":"2014/10/31 16:18:41","type":"application/xhtml+xml","country":""},"crawling":{"duration":"1","date":"2014/10/31 16:18:41"},"metas":[],"uri":{"protocol":"http","domain":"de.kreta-umweltforum.","url":"http://kreta-umweltforum.de/wbb2/register.php?sid=c45a83347b7a894fbe26efbb4598e3f1"}}},{"_index":"de_content_201410","_type":"resourceQ","_id":"http://my-miracle.de/tagebuch/ernaehrung/jessie87","_score":1.0, "_source" : {"body":" Benutzername oder Passwort vergessen Benutzername   Passwort   Forumsuche Neuste Beiträge Abnehmen mit MM Vorstellungsrunde Ernährungstagebuch Lebensmittel Wiegetage Erfahrungsberichte Flohmarkt Plauderecke Supportforum Abnehm-Blogs Diätinformationen 10 Anfänger-Tipps 10 Tagebuch-Tipps FAQ Lebensmitteldatenbank Rezept Datenbank Rezept Videos Tagebuch Wiege-Statistiken Mitgliedersuche Abnehm-Blogs Lebensmittelrechner Budgetrechner Sportrechner BMI-Rechner Taille-Hüft-Quotient Forum Erfahrungsberichte Saisonales Chat Galerie Teste den neuen Chat! Abnehmen Profil von Jessie87 Tagebuch richtig führen Sichtbarkeit ändern Tagebuch Beispiele Hier sehen Sie einige öffentliche Tagebücher von anderen Mitglieder. Benutzer Einträge Cpt_Chaos 199 Melodie76 186 chrissilein 155 kdsp 150 moosmutzel_86 141 Hemapato 141 mogly248 140 bobbybirnchen 138 Kleine_Cara 130 babe1907 128 Uwe49 128 joeZee 127 Nisi02 122 Kathi311 120 LilaLilchen 116 Muddi48 116 S04Scout 116 Mautzie 116 Mitimau 113 Sarah2805 112 Zuletzt besucht von Dieses Profil wurde 130 Mal angezeigt. Moppelhase Andie Zuckerschnute87 Mrs_Pummelwurst vanessa_b reebock Kleine_Cara pummelpo Kleiner_Puffel 101060 Paulinchen86 Tinjanis AnDoNorde charlotte0104 Sonne123 Verenazs Ela79 Sunnybunny Lorelay sandy85 Ernährungs Tagebuch von Jessie87 Hier ist es möglich, die letzten 7 Tage von Jessie87 's Ernährungstagebuch einzusehen. Dieser Benutzer hat sein Tagebuch öffentlich geschaltet. Mittwoch, 09. Juli 2014 Lebensmittel SP Punkte keine Lebensmitteleinträge an diesem Tag Dienstag, 08. Juli 2014 Lebensmittel SP Punkte Alete für Genießer Pfirsich mit Maracuja Nestle(1 Becher, 190g) 2.2 Zwieback Brandt(2 Stück, 18.8g) 1.5 Balsamico Dressing Balsamico Kühne(1 Packung, 75g) 1.7 Kopfsalat Naturprodukt(1 Portion, 200g) 0.5 Paprika rot (60g) 0.4 Karotte roh (70g) 0.4 Salatgurke (1 Portion, 50g) 0.1 Putenbrust saftig geräuchert Aldi(1 Scheibe, 50g) 1.3 Toffifee Storck(1 Stück, 8.3g) 0.9 himbeeren frisch rewe(75g) 0.5 Wassermelone Naturprodukt(1 , 100g) 0.8 Heidelbeeren frisch Real(80g) 0.6 Salatkäse aus Kuhmilch frischgold(20g) 1.1 Extra Waffelblättchen Zartbitter Wurzener(3 Stück, 9g) 0.9 pacoquita 1.6 Krustibrötchen Penny(98g) 4.8 Frischkäse JA! natur rewe(33g) 1.8 Tomate (30g) 0.1 Kinder Bueno Mini Ferrero Kinder Friends(1 Stück, 5.4g) 0.6 kinder pinguin ferrero(1 Stück, 30g) 2.7 Gesamt 24.5 Montag, 07. Juli 2014 Lebensmittel SP Punkte Zwieback Brandt(2 Stück, 18.8g) 1.5 Himbeer Himbeere Naturprodukt(75g) 0.2 Heidelbeeren frisch Real(100g) 0.7 Balsamico Dressing Balsamico Kühne(1 Packung, 75g) 1.7 Kopfsalat Naturprodukt(1 Portion, 200g) 0.5 Paprika Rot Naturprodukt(70g) 0.5 Salatgurke Gurke Naturprodukt(70g) 0.2 Karotte roh (50g) 0.3 Putenbrust saftig geräuchert Aldi(1 Scheibe, 50g) 1.3 Parmesan gehobelt Parmesan Casale Aldi(25g) 2 Extra Waffelblättchen Zartbitter Wurzener(3 Stück, 9g) 0.9 cujamara Split Langnese(1 Stück, 65g) 2 Tomaten Naturprodukt(40g) 0.1 Gegrillte Paprika italienischer Art Cucina(40g) 2.6 Baguettebrötchen Aldi(83g) 4 Bratmaxe Bratwurst Meica(90g) 4.6 rama unilever(5g) 0.6 Avocado Naturprodukt(60g) 2.6 Kinder Friends Bueno Mini Ferrero(1 Stück, 5.4g) 0.6 Gesamt 26.9 Sonntag, 06. Juli 2014 Lebensmittel SP Punkte Vollkornzwieback Brandt(2 Stück, 18.8g) 1.4 Aprikose frisch (1 , 100g) 0.8 Olivenöl (5g) 0.8 H-Schlagsahne Aldi(1 Esslöffel, 13g) 0.8 Salatkrönung würzige Gartenkräuter Knorr(5.5g) 0.5 Salat, Eichblatt grün (150g) 0.5 Tomatenketchup Aldi(2 Esslöffel, 30g) 0.6 Hähnchenschenkel mit Haut Durchschnitt (140g) 4.9 Harvest Basket Backofen-Pommes Lidl(80g) 2.7 Brombeere frisch Naturprodukt(80g) 0.8 Duplo Ferrero(1 Riegel, 18g) 2 Bio Roggenmisch Toastbrötchen REWE(123g) 5.8 Frischkäse JA! natur rewe(42g) 2.3 Tomate (30g) 0.1 Wassermelone Naturprodukt(3 , 300g) 2.3 Gesamt 26.3 Samstag, 05. Juli 2014 Lebensmittel SP Punkte Vollkornzwieback Brandt(2 Stück, 18.8g) 1.4 Aprikose frisch (120g) 1 Rostbratwurst Aldi(110g) 3.3 Frischkäse Aldi sahnig-cremig (10g) 0.5 Bäckerbrötchen zum Fertigbacken (LIDL) Grafschafter(70g) 3.5 Himbeere Frisch Naturprodukt(80g) 0.4 Dulano Krustenbraten Lidl(10g) 0.3 Tomaten Naturprodukt(30g) 0.1 Salatkrönung würzige Gartenkräuter Knorr(5.5g) 0.5 H-Schlagsahne Aldi(1 Esslöffel, 13g) 0.8 Salat, Eichblatt grün (150g) 0.5 Avocado Naturprodukt(20g) 0.9 Bäckerbrötchen zum Fertigbacken (LIDL) Grafschafter(70g) 3.5 Gesamt 16.7 Freitag, 04. Juli 2014 Lebensmittel SP Punkte Steinofenbrötchen Weizenkleingebäck zum Aufbacken Weizenkleingebäck Edeka(77g) 3.8 FrankenGut Chickensalami 1a Salami mit Hähnchenfleisch Edeka(17g) 0.7 Himbeere tiefgekühlt ungezuckert (67g) 0.4 Brombeere frisch Naturprodukt(64g) 0.6 Vollkornzwieback Brandt(1 Stück, 9.4g) 0.7 Zwieback Brandt(2 Stück, 18.8g) 1.5 cujamara Split Langnese(1 Stück, 65g) 2 Extra Waffelblättchen Zartbitter Wurzener(3 Stück, 9g) 0.9 Skandinavischer Räucherlachs Aldi(31g) 1.2 bagels classic lidl(85g) 4.6 bagels classic lidl(41g) 2.2 Frischkäse JA! natur rewe(30g) 1.6 Kinder Pinguin Schokolade Ferrero(1 Stück, 30g) 2.7 Tomate (30g) 0.1 Extra Waffelblättchen Zartbitter Wurzener(2 Stück, 6g) 0.6 Gesamt 23.6 Donnerstag, 03. Juli 2014 Lebensmittel SP Punkte FrankenGut Chickensalami 1a Salami mit Hähnchenfleisch Edeka(17g) 0.7 Steinofenbrötchen Weizenkleingebäck zum Aufbacken Weizenkleingebäck Edeka(1 Portion, 70g) 3.4 kinder pinguin ferrero(1 Stück, 30g) 2.7 Brombeere frisch Naturprodukt(62g) 0.6 Himbeere Frisch Naturprodukt(58g) 0.3 Eis Maxi Crisp Rewe(1 Stück, 61g) 3.9 Hochzeitssuppe Maggi(4 Portion, 1000g) 4.2 Gesamt 15.8 © online Abnehmen | Nutzungsbedingungen | Datenschutzerklärung | Impressum Startseite Forum Informationen Tools Tagebuch Kontakt Downloads ","title":"Einsicht in das Ernährungs Tagebuch von '.Jessie87.'","desc":"Einsicht in das Ernährungs Tagebuch von '.Jessie87.'","details":{"length":5665,"language":"de","date":"2014/10/31 16:18:37","type":"application/xhtml+xml","country":""},"crawling":{"duration":"1","date":"2014/10/31 16:18:37"},"metas":[{"name":"Title","value":"Ernährungs-Tagebuch für ihre Diät - kostenlos auf My Miracle"},{"name":"Description","value":"Einsicht in das Ernährungs Tagebuch von '.Jessie87.'"},{"name":"Keywords","value":"ernährungstagebuch, gewicht tagebuch, punkte diät, online tagebuch, diät-tagebuch, kostenloses Tagebuch, abnehm tagebuch"},{"name":"Page-topic","value":"Die Punkte Diät - zählen Sie ihre Kalorien"},{"name":"Robots","value":"index, follow"},{"name":"Language","value":"Deutsch"},{"name":"Author","value":"Adrian Spirescu"},{"name":"Revisit","value":"After 1 day"}],"uri":{"protocol":"http","domain":"de.my-miracle.","url":"http://my-miracle.de/tagebuch/ernaehrung/jessie87"}}},{"_index":"de_content_201410","_type":"resourceQ","_id":"http://bsbay.de/shop/main_bigware_29.php?bigwarecsid=m2c7rihg703ugeqcbqg0qm3a47","_score":1.0, "_source" : {"body":"   Startseite        Ihr Konto  |  Warenkorb  |  Kasse Zum Warenkorb Ihr Warenkorb: 0 Produkte Home Neue Produkte AGB Versandkosten Impressum Kontakt  Hersteller  Bitte wählen 3M ABUS AEG ALGOR Aqua Vac Ariston Askoll Atlas Copco basicXL Bauknecht BEKO BK-WP Black & Decker Blomberg Bomann Bosch Bosch/Siemens/Neff/Constu.. Bossmatic Brandt Brennenstuhl Candy Clatronic Constructa Daewoo Danfoss De Dietrich Delonghi DeWald Domena E-Lux, AEG, PRIVILEG, ZAN.. E.G.O efbe-Schott Electrolux ELU Exquisit Fagor Fakir Fixapart Funktionica Gaggenau Gorenje Grundig Hanseatic / Hanseatik HQ IGNIS IKEA Imperial Indesit JUNO KNG König LG Liebherr Lloyds / Neckermann Miele Neff Nivona Panasonic Philips Privileg Quelle Ranco Saeco Samsung Severin Sharp Sharp Siemens SKF SUSPA Thomas UNIVERSAL Unold VALUELINE Vestel Wessel Werk Whirlpool Zanker Zanussi Zoppas  Kategorien    ERSATZTEILE   Sonstiges  Allgemeine Geschäftsbedingungen Widerrufsbelehrung Widerrufsformular IMPRESSUM Datenschutzerklärung   Willkommen bei HGK WITTLICH! Neue Produkte im Juli  Login  E-Mail Adresse: Passwort: (neues Passwort) Neuer Kunde? => Registrieren!  Schnellsuche    Verwenden Sie Stichworte, um ein Produkt zu finden. erweiterte Suche   Informationen Haben Sie noch Fragen? Supported by Zahlungsarten Schreiben Sie uns eine E-Mail: Allgemeine Geschäftsbedingungen kontakt@MeineDomain.de Nutzen Sie das Kontaktformular: zum Kontaktformular Rufen Sie uns an: 040 / 123 456 789 Liefer- und Versandkosten Impressum Preise inkl. gesetzl. MwSt., zzgl. der jeweiligen Versandkosten. Alle Markennamen, Warenzeichen und eingetragenen Warenzeichen sind Eigentum Ihrer rechtmässigen Eigentümer und dienen hier nur der Beschreibung Diese Online Shopsoftware wurde entwickelt von Bigware ","title":"HGK WITTLICH","desc":null,"details":{"length":1753,"language":"de","date":"2014/10/31 16:18:37","type":"text/html","country":""},"crawling":{"duration":"1","date":"2014/10/31 16:18:37"},"metas":[{"name":"date","value":"2010-01-01"},{"name":"author","value":"Bernd Schulz"},{"name":"publisher","value":"Bernd Schulz"},{"name":"copyright","value":"HGK Wittlich, 2010"},{"name":"expires","value":"0-0-0"},{"name":"abstract","value":"Ersatzteile Hausgeräte Waschmaschine Trockner"},{"name":"page-topic","value":"Hausgeräte Ersatzteile Reparatur Infos"},{"name":"page-type","value":"produktinfo"},{"name":"audience","value":"alle"},{"name":"revisit-after","value":"1 Tagen"},{"name":"language","value":"de"},{"name":"robots","value":"index,follow"},{"name":"description","value":""},{"name":"keywords","value":""}],"uri":{"protocol":"http","domain":"de.bsbay.","url":"http://bsbay.de/shop/main_bigware_29.php?bigwarecsid=m2c7rihg703ugeqcbqg0qm3a47"}}},{"_index":"de_content_201410","_type":"resourceQ","_id":"http://ax-club.de/axforum/login.php?source=postops.php%3faction%3ddelete%26postid%3d198233","_score":1.0, "_source" : {"body":" Anmelden || Einloggen || Hilfe/FAQ || Suche || Home || Statistik || Kalender || Staff || New! Downloads Willkommen Gast! [ Treffen ] [ Linkdatenbank ] [ Abkürzungen/Erklärungen ] [ Impressum ] [ AX-Wiki ] [ AX-Gallery ] [ Chat ] AX-Club Forum » Einloggen Einloggen Benutzername Ihr Benutzername ( Noch nicht registriert?) Passwort Geben Sie hier bitte Ihr Passwort an ( Passwort vergessen?) Cookies Cookies benutzen? Das Forum speichert Ihre IP-Addresse zum Zwecke der Bereitstellung des Dienstes (§ 6 Abs. 1 TDDSG) und zum Selbstschutz des Betreibers. AX-Club powered by ThWboard © by Paul Baecher & Felix Gonschorek ","title":" AX-Club Forum","desc":null,"details":{"length":619,"language":"de","date":"2014/10/31 16:18:37","type":"text/html","country":""},"crawling":{"duration":"1","date":"2014/10/31 16:18:37"},"metas":[],"uri":{"protocol":"http","domain":"de.ax-club.","url":"http://ax-club.de/axforum/login.php?source=postops.php%3faction%3ddelete%26postid%3d198233"}}},{"_index":"de_content_201410","_type":"resourceQ","_id":"http://forum.eurobiggame.de/showthread.php?1179-grillen-in-mahlwinkel&p=14017&s=4414f552649ca290723c790d55c19fa1&viewfull=1","_score":1.0, "_source" : {"body":" Register Help Remember Me? Forum Calendar Forum Actions Mark Forums Read Advanced Search Forum EuroBigGame Sonstiges Grillen in Mahlwinkel Wenn dies dein erster Besuch des Forums ist, dann schaue dir bitte die FAQ an. Du musst dich hier registrieren um einen Betrag posten zu können. Page 2 of 3 First 1 2 3 Last Jump to page: Results 16 to 30 of 38 Thread: Grillen in Mahlwinkel Thread Tools Show Printable Version Subscribe to this Thread… Display Linear Mode Switch to Hybrid Mode Switch to Threaded Mode 16.02.2012,  15:49 #16 Parabellum View Profile View Forum Posts Blog anzeigen View Articles Erfahrener Benutzer Join Date 13.04.2009 Posts 132 Ich habe da mal ne fachfrage. was ist denn mit son smoker grill? da ist das feuer ja in einem umschlossenen behälter? Reply With Quote 16.02.2012,  19:16 #17 taz87 View Profile View Forum Posts Blog anzeigen View Articles Erfahrener Benutzer Join Date 25.08.2008 Posts 201 http://www.ebay.de/itm/NEU-GASGRILL-...item27c387c0f0 soviel zum Thema Kosten Gasgrill... den haben wir uns auch fürs BG angeschafft und hält bisher top! wie währe es denn wenn ihr für the camp eine must have liste erstellt ;-) Reply With Quote 16.02.2012,  21:37 #18 ChrisK View Profile View Forum Posts Blog anzeigen View Articles MCEO EuroBigGame Join Date 07.02.2008 Posts 1.146 Originally Posted by Parabellum Ich habe da mal ne fachfrage. was ist denn mit son smoker grill? da ist das feuer ja in einem umschlossenen behälter? Wenn Du mit Gas oder Strom feuerst, kein Problem „Einen Vorsprung im Leben hat, wer da anpackt, wo die anderen erst einmal reden.“ John F. Kennedy Reply With Quote 17.02.2012,  17:41 #19 Parabellum View Profile View Forum Posts Blog anzeigen View Articles Erfahrener Benutzer Join Date 13.04.2009 Posts 132 Originally Posted by ChrisK Wenn Du mit Gas oder Strom feuerst, kein Problem schon gut chris, aber wenn ich den mit strom erhitze brennt wieder ne leitung ab! Reply With Quote 29.04.2012,  20:33 #20 Kugelhagel View Profile View Forum Posts Blog anzeigen View Articles Neuer Benutzer Join Date 10.09.2009 Posts 9 wie weit is es eigentlich zum nächsten supermarkt oder baumarkt? glaube nicht das die gasflasche 3 tage hält. Reply With Quote 30.04.2012,  06:44 #21 Manfred161173 View Profile View Forum Posts Blog anzeigen Visit Homepage View Articles Benutzer Join Date 08.02.2008 Posts 71 Auf der zufahrtsstrasse ist sowas aehnliches wie ein supermarkt...das duerften nur so 2 km sein....ansonsten ist im umkreis von 20km definitiv genug zum einkaufen Reply With Quote 30.04.2012,  08:16 #22 djfreimuth View Profile View Forum Posts Blog anzeigen Visit Homepage View Articles Neuer Benutzer Join Date 22.09.2009 Posts 12 Bei uns im Catering hält eine Gasflasche fast 2 Tage und der Grill brennt von 10 - 0 Uhr. Also sollte eine 10 kg Flasche bei Euch durchhalten bis zum Schluss. z.B. ein Terassenheizer brauch bei Voller Leistung ca. 8 Stunden bis die Flasche leer ist. Reply With Quote 30.04.2012,  08:34 #23 SohnderFarbe View Profile View Forum Posts Blog anzeigen View Articles Erfahrener Benutzer Join Date 12.02.2008 Posts 137 Originally Posted by Kugelhagel wie weit is es eigentlich zum nächsten supermarkt oder baumarkt? glaube nicht das die gasflasche 3 tage hält. Wenn mich nicht alles täuscht, gibt es direkt in Mahlwinkel einen kleinen Laden , bei dem man die Gasflasche wechseln kann. Ansonsten sind es ca. 10 KM nach Tangerhütte, da gibts alles was Du brauchst, Aldi, Lidl, Edeka etc. Gras wächst nicht schneller wenn man daran zieht! Das Glück ist ein Rindvieh und sucht seinesgleichen! I think I Spider...My lovely Mr. Singing Club Reply With Quote 30.04.2012,  11:53 #24 Kugelhagel View Profile View Forum Posts Blog anzeigen View Articles Neuer Benutzer Join Date 10.09.2009 Posts 9 ok, das hört sich gut an. danke für die infos. ps: wir haben ein gasgebläse. das braucht schon etwas gas Reply With Quote 30.04.2012,  13:10 #25 HamsterHybrid View Profile View Forum Posts Blog anzeigen View Articles Neuer Benutzer Join Date 09.04.2010 Posts 25 Originally Posted by SohnderFarbe Wenn mich nicht alles täuscht, gibt es direkt in Mahlwinkel einen kleinen Laden , bei dem man die Gasflasche wechseln kann. Ansonsten sind es ca. 10 KM nach Tangerhütte, da gibts alles was Du brauchst, Aldi, Lidl, Edeka etc. Der kleine Konsum ist nicht mehr existent. Reply With Quote 30.04.2012,  17:59 #26 Flip View Profile View Forum Posts Blog anzeigen View Articles Special Effects Koordinator Join Date 18.02.2008 Posts 76 wie hamsterhybrid schon geschrieben hat gibt es den kleinen laden nichtmehr, allerdings gabs da auchkein gas. in mahlwinkel gibt es allerdings eine kneipe die gas vertickt. diese ist wenn du vom spielfeld nach mahlwinkel reinfährst und an der einmündung rechts richtung tangerhütter gurkst. das haus wo du nach dem abbiegen genau drauf zusteuerst. alternativ gibt es in wollmierstedt einen hagebau, in tangerhütte einen raifeisenbaumarkt und einen raifeisen baustoffmarkt und in maghdeburg und tangermünde soziemlich alle anderen baumärkte die in deutschland eine dadeinsberechtigung haben Reply With Quote 30.04.2012,  19:46 #27 taz87 View Profile View Forum Posts Blog anzeigen View Articles Erfahrener Benutzer Join Date 25.08.2008 Posts 201 dochin Mahlwinkel selber stehen Gasflaschen an der straße mit einem schild... die müssen dort ja auch irgendwie heizen im winter sonst gibbet da ja nix ;-) und der nächste größere Edeka ist in Tangerhütte ca 10km http://maps.google.de/maps?saddr=mah...ra=ls&t=m&z=13 Reply With Quote 30.04.2012,  21:10 #28 Flip View Profile View Forum Posts Blog anzeigen View Articles Special Effects Koordinator Join Date 18.02.2008 Posts 76 Originally Posted by taz87 dochin Mahlwinkel selber stehen Gasflaschen an der straße mit einem schild... die müssen dort ja auch irgendwie heizen im winter sonst gibbet da ja nix ;-) und der nächste größere Edeka ist in Tangerhütte ca 10km genau die gasflaschen in mahlwinkel meinte ich. ist soweitichweis ein getränkemarkt oder ne kneipe. bei edeka gibts soweit ich weis aber kein gas Reply With Quote 10.05.2012,  19:37 #29 Weedkiller View Profile View Forum Posts Blog anzeigen View Articles Neuer Benutzer Join Date 29.04.2008 Posts 2 Originally Posted by ChrisK Aktuell wird es erstmal so bleiben. Wir prüfen, ob es doch eine Möglichkeit gibt, auch Holzkohlegrills zu benutzen. Ist denn da noch was drauss geworden oder ist es ganz aus mit dem Holzkohlegrill ???? Reply With Quote 10.05.2012,  19:39 #30 Weedkiller View Profile View Forum Posts Blog anzeigen View Articles Neuer Benutzer Join Date 29.04.2008 Posts 2 Grillen ??? Originally Posted by ChrisK Aktuell wird es erstmal so bleiben. Wir prüfen, ob es doch eine Möglichkeit gibt, auch Holzkohlegrills zu benutzen. Und wie sieht es jetzt aus ??? Reply With Quote Page 2 of 3 First 1 2 3 Last Jump to page: Quick Navigation Sonstiges Top Site Areas Settings Private Messages Subscriptions Who's Online Search Forums Forums Home Forums EuroBigGame Ankündigungen / Mitteilungen / News Fragen zur Big Game Anmeldung Positives / Negatives Anreise / Fahrgemeinschaft(en) Bilder und Videos Sonstiges « Previous Thread | Next Thread » Similar Threads Grillen By Tyr666 in forum Sonstiges Replies: 7 Last Post: 13.04.2011, 22:25 Grillen auf dem Event 01-09 By Snakecleaver in forum Fragen zur Big Game Anmeldung Replies: 1 Last Post: 15.05.2009, 20:35 Bookmarks Bookmarks Google Posting Permissions You may not post new threads You may not post replies You may not post attachments You may not edit your posts   BB code is On Smilies are On [IMG] code is On [VIDEO] code is On HTML code is Off Forum Rules -- euro2 -- Darkness2 -- Darkness3(vB4-kompatible Kopie) -- Default Mobile Style Contact Us Big Game Corporation Limited Top All times are GMT +1. The time now is 08:12. ","title":" Grillen in Mahlwinkel - Page 2","desc":"wollte mal fragen, wie es eigentlich um das grillen steht. in falkenhagen waren ja nur gas und elektrogrills erlaubt, wird das in mahlwinkel anders sein?","details":{"length":7794,"language":"de","date":"2014/10/31 16:18:37","type":"application/xhtml+xml","country":""},"crawling":{"duration":"1","date":"2014/10/31 16:18:37"},"metas":[{"name":"vb_meta_bburl","value":"http://forum.eurobiggame.de"},{"name":"generator","value":"vBulletin 4.2.2"},{"name":"keywords","value":"grillen, mahlwinkel, erlaubt, anders, elektrogrills, steht, fragen, wollte, falkenhagen, eigentlich, waren"},{"name":"description","value":"wollte mal fragen, wie es eigentlich um das grillen steht. in falkenhagen waren ja nur gas und elektrogrills erlaubt, wird das in mahlwinkel anders sein?"}],"uri":{"protocol":"http","domain":"de.eurobiggame.forum.","url":"http://forum.eurobiggame.de/showthread.php?1179-grillen-in-mahlwinkel&p=14017&s=4414f552649ca290723c790d55c19fa1&viewfull=1"}}},{"_index":"de_content_201410","_type":"resourceQ","_id":"http://arnold-bergstraesser.de/en/online-katalog/small-states-in-the-modern-world","_score":1.0, "_source" : {"body":" Jump to Navigation News Small states in the modern world the conditions of survival Autor:  Worsley, Peter (Hrsg.) Kitromilides, Paschalis (Hrsg.) Verlag:  New Cyprus Association Verlagsort:  Nicosia Erscheinungsjahr:  1979 PPN:  0001142 Mediengruppe:  Monografie Auflage:  Rev ed Umfang:  XVII, 261 S. Signatur:  E-VII-d-0023-00 Schlagworte:  Ethnischer_Konflikt Kleinstaaten Nationalismus Okkupation Sicherheitspolitik UNO Unabhängigkeit Völkerrecht Geografischer Bezug:  Türkei Zypern Home Research Projects About us Training Staff Library Publications Online Catalogue International Quarterly for Asian Studies Arnold-Bergstraesser-Institut für kulturwissenschaftliche Forschung e.V. | Windausstr. 16 | D-79110 Freiburg i. Br. | T.: +49 761 8 88 78-0 | abifr [at] abi [dot] uni-freiburg [dot] de ","title":"Small states in the modern world | Arnold Bergstraesser Institute","desc":null,"details":{"length":801,"language":"de","date":"2014/10/31 16:18:39","type":"text/html","country":""},"crawling":{"duration":"1","date":"2014/10/31 16:18:39"},"metas":[{"name":"viewport","value":"width=device-width"},{"name":"generator","value":"Drupal 7 (http://drupal.org)"}],"uri":{"protocol":"http","domain":"de.arnold-bergstraesser.","url":"http://arnold-bergstraesser.de/en/online-katalog/small-states-in-the-modern-world"}}},{"_index":"de_content_201410","_type":"resourceQ","_id":"http://zockernetz.de/archive/t-70502.html","_score":1.0, "_source" : {"body":" Zockernetz | Tauschbörse Düren > Infos & News, Probleme & Lösungen, Tips & Tricks > Joomla CMS Styles Hilfe und mehr > Wie ist euer Wissenstand PDA Archiv verlassen und diese Seite im Standarddesign anzeigen : Wie ist euer Wissenstand darki 10.01.2010, 14:45 Es wäre auch toll wenn man den Wissensstand von euch wüsste. Anfänger Fortgeschrittener Profi Experte etc. Faber38 10.01.2010, 14:49 Anfänger Projekt: Willkommen bei Faber38 ([Only registered and activated users can see links]) Gunther 11.01.2010, 10:59 Blutiger Anfänger. Ich habe mir die Software + einige Templates eben erst runtergeladen. Derzeit stöbere ich im Handbuch. Ich hatte zwar vor etwa 4-5 Jahren mal mit einen Shop-Software zu tun, die ebenfalls eine CMS drin hatte, aber das ist natürlich was völlig andres gewesen. ;) ","title":" Wie ist euer Wissenstand [Archiv]  - Zockernetz | Tauschbörse Düren","desc":"Es wäre auch toll wenn man den Wissensstand von euch wüsste.    Anfänger   Fortgeschrittener  Profi  Experte etc.","details":{"length":795,"language":"de","date":"2014/10/31 16:18:39","type":"application/xhtml+xml","country":""},"crawling":{"duration":"1","date":"2014/10/31 16:18:39"},"metas":[{"name":"keywords","value":"wüsste, wissensstand, anfänger, fortgeschrittener, experte, profi, wissenstand, toll"},{"name":"description","value":"Es wäre auch toll wenn man den Wissensstand von euch wüsste.    Anfänger   Fortgeschrittener  Profi  Experte etc."}],"uri":{"protocol":"http","domain":"de.zockernetz.","url":"http://zockernetz.de/archive/t-70502.html"}}},{"_index":"de_content_201410","_type":"resourceQ","_id":"http://fahrradreisen.de/forum/index.php?sid=59a4be1e228b1650393842eeb61df61e","_score":1.0, "_source" : {"body":"   FAQ    Suchen    Mitgliederliste    Benutzergruppen    Registrieren    Profil    Einloggen, um private Nachrichten zu lesen    Login  Aktuelles Datum und Uhrzeit: 09. Jul 2014 9:12 Die Radreisen-Datenbank Foren-Übersicht Unbeantwortete Beiträge anzeigen  Forum   Themen   Beiträge   Letzter Beitrag  Die Radreisen-Datenbank   Radwege Erfahrungen rund um die einzelnen Radwege     148 267 10. Jun 2014 14:47 das lustige Rad Reisen Reiseerfahrungen und Reiseberichte     260 475 24. Jun 2014 16:48 inski Partnersuche Wer fährt schon gern alleine Rad?     71 130 02. Jul 2014 23:12 Marc Ausrüstung Was man so alles braucht     88 193 24. Jun 2014 16:50 inski Bücher Reiseführer Interessante Neuerscheinungen und Veröffentlichungen     21 54 02. Apr 2014 8:23 grenzenlos Alle Zeiten sind GMT + 2 Stunden Wer ist online? Die Benutzer haben insgesamt 1119 Beiträge geschrieben. Das Board hat 518 registrierte Benutzer. Der neueste Benutzer ist Marc. Insgesamt sind 9 Benutzer online: Kein registrierter, kein versteckter und 9 Gäste.   [ Administrator ]   [ Moderator ] Der Rekord liegt bei 159 Benutzern am 01. Jan 2014 11:56. Registrierte Benutzer: Keine Diese Daten zeigen an, wer in den letzten 5 Minuten online war. Login Benutzername:    Passwort:      Bei jedem Besuch automatisch einloggen     Neue Beiträge    Keine neuen Beiträge    Forum ist gesperrt Powered by phpBB © 2001, 2005 phpBB Group Deutsche Übersetzung von phpBB.de ","title":"Die Radreisen-Datenbank :: Index","desc":null,"details":{"length":1435,"language":"de","date":"2014/10/31 16:18:41","type":"text/html","country":""},"crawling":{"duration":"1","date":"2014/10/31 16:18:41"},"metas":[{"name":"Robots","value":"INDEX,FOLLOW"},{"name":"Revisit-After","value":"10 days"}],"uri":{"protocol":"http","domain":"de.fahrradreisen.","url":"http://fahrradreisen.de/forum/index.php?sid=59a4be1e228b1650393842eeb61df61e"}}},{"_index":"de_content_201410","_type":"resourceQ","_id":"http://ht-handball.de/phpbb3/posting.php?f=12&mode=reply&sid=9ecfbf55a699be475c372a19ca943ac0&t=6519","_score":1.0, "_source" : {"body":" Start News Teams Spielbetrieb Verein Forum Fotos Beachhandball Willkommen in der Handballabteilung der Halstenbeker TS! Du befindest Dich hier: Forum Kontakt  |   Impressum Registrieren • FAQ • Suche • Anmelden Unbeantwortete Themen | Aktive Themen Aktuelle Zeit: 01.07.2014 21:57 Foren-Übersicht Alle Zeiten sind UTC + 1 Stunde Anmelden  Du musst dich anmelden, um in diesem Forum auf Beiträge zu antworten. Du musst in diesem Forum registriert sein, um dich anmelden zu können. Die Registrierung ist in wenigen Augenblicken erledigt und ermöglicht dir, auf weitere Funktionen zuzugreifen. Die Board-Administration kann registrierten Benutzern auch zusätzliche Berechtigungen zuweisen. Beachte bitte unsere Nutzungsbedingungen und die verwandten Regelungen, bevor du dich registrierst. Bitte beachte auch die jeweiligen Forenregeln, wenn du dich in diesem Board bewegst. Nutzungsbedingungen | Datenschutzrichtlinie Benutzername: Registrieren Passwort: Ich habe mein Passwort vergessen   Mich bei jedem Besuch automatisch anmelden   Meinen Online-Status während dieser Sitzung verbergen Foren-Übersicht Alle Zeiten sind UTC + 1 Stunde Gehe zu:  Wähle ein Forum aus ------------------ HT-Handball.de    Unsere Website Fundgrube    Gesucht ...    Gefunden ... Mannschaftsforen    Männliche A-/B-Jugend       Männl. B-Jugend 2014/15       Männl. A-Jugend 2014/15    Weibliche C-Jugend    1. Herren    2. Herren    3. Herren    1. Damen    3. Damen    4. Damen  ﻿ Powered by phpBB © 2000, 2002, 2005, 2007 phpBB Group. Designed by STSoftware for PTF. Deutsche Übersetzung durch phpBB.de Kontakt  |   Impressum  |  © 2012 Site created by blankmedia - webdesign & printdesign aus bönningstedt ","title":"Halstenbeker TS - Handball - Anmelden","desc":null,"details":{"length":1688,"language":"de","date":"2014/10/31 16:18:41","type":"application/xhtml+xml","country":""},"crawling":{"duration":"1","date":"2014/10/31 16:18:41"},"metas":[],"uri":{"protocol":"http","domain":"de.ht-handball.","url":"http://ht-handball.de/phpbb3/posting.php?f=12&mode=reply&sid=9ecfbf55a699be475c372a19ca943ac0&t=6519"}}},{"_index":"de_content_201410","_type":"resourceQ","_id":"http://schwarzes-halle.de/index.php?boardid=12&page=board&s=d99ce1a60fde3ae9043905c838cdac6117b0162d","_score":1.0, "_source" : {"body":" Ungelesene Beiträge Unbeantwortete Themen Themen der letzten 24 Stunden Erweiterte Suche Schwarzes Halle Registrieren Portal Forum Kalender Verein Suche Hilfe Nutzungsbestimmungen Du bist nicht angemeldet. Anmelden Registrieren Schwarzes Halle » DIE FÜNF SINNE » Sichtbar Kino, Film und Theater Lieber Besucher, herzlich willkommen bei: Schwarzes Halle. Falls dies dein erster Besuch auf dieser Seite ist, lies bitte die Hilfe durch. Dort wird dir die Bedienung dieser Seite näher erläutert. Darüber hinaus solltest du dich registrieren, um alle Funktionen dieser Seite nutzen zu können. Benutze das Registrierungsformular, um dich zu registrieren oder informiere dich ausführlich über den Registrierungsvorgang. Falls du dich bereits zu einem früheren Zeitpunkt registriert hast, kannst du dich hier anmelden. 1 2 3 4 5 6 7 … 8 9 10 11 12 13 14 15 16 17 18 Themen Thema Bewertung Antworten Zugriffe Letzte Antwort Film - Top oder Flop 1 2 Von DerHirntot (09.01.2011, 21:48) 32 1 627 Von Das Subjekt (12.05.2014, 19:48) Zukünftige Filmstarts und Trailer 1 2 3 … 13 Von P6sy6ch6o (09.04.2010, 12:45) 240 6 219 Von DerHirntot (16.02.2013, 10:15) Eure neuesten DVD Erwerbungen 1 2 3 … 36 Von DeathWish (01.03.2005, 11:37) 704 14 308 Von Heralder Frost (07.11.2012, 15:54) TV-Tipps allgemein Von DerHirntot (21.07.2010, 09:24) 8 345 Von DerHirntot (24.10.2012, 01:16) The Expendables / The Expendables 2 Von DerHirntot (02.09.2012, 21:54) 2 115 Von DerHirntot (04.09.2012, 20:44) Die coolsten werbespots 1 2 3 4 Von Chefnatzer (02.12.2004, 21:31) 64 2 410 Von grausam (07.08.2012, 22:24) The Dark Knight - Der neue \"Batman\"-Film 1 2 3 4 5 Von AndOne (21.07.2008, 16:41) 81 2 341 Von DerHirntot (06.08.2012, 23:18) Biss ... zum Morgengrauen 1 2 3 … 10 Von Karas (15.01.2009, 11:31) 194 6 437 Von DerHirntot (06.07.2012, 22:59) Kurzfilme Von Franzi (09.04.2011, 23:35) 2 154 Von DerHirntot (29.05.2012, 19:08) The Walking Dead 1 2 Von ErsterOffizier (22.11.2010, 00:15) 20 639 Von HotShot (14.05.2012, 22:17) Prometheus - Ridley Scott widmet sich seinem eigenen SciFi/Horror Mythos \"ALIEN\" Von blutbyte (24.08.2011, 21:12) 9 275 Von Orbis Unum (27.12.2011, 17:35) Lieblingsserien 1 2 3 … 15 Von Eruanneth (21.04.2006, 12:34) 281 6 631 Von [Reaktor-4] (27.05.2011, 12:43) Iron Sky - Space Nazis Attack! 1 2 Von DerHirntot (27.05.2009, 22:15) 21 1 020 Von mieze666 (15.05.2011, 13:20) black swan- hat noch jemand eine meinung? Von tarik (11.02.2011, 12:47) 6 328 Von Das Subjekt (26.04.2011, 18:25) horrorfilme gesucht 1 2 3 Von Painkiller (01.07.2007, 16:22) 56 1 427 Von sandria_girrith (21.03.2011, 23:22) Welche Animes schaut ihr gerade? 1 2 3 … 9 Von Kleeblättlein (03.06.2006, 20:18) 167 3 223 Von Enno (05.03.2011, 15:39) Gute/schlechte Buchverfilmungen 1 2 3 … 10 Von manofsin (03.09.2006, 12:14) 184 3 814 Von Fangbanshee (12.01.2011, 18:02) KAMERAMÄNNER/FRAUEN für den 13.11.10 bei der DBD gesucht!!! Von Bigo (04.11.2010, 15:28) 2 169 Von Bigo (04.11.2010, 17:39) Schlechte Filme 1 2 3 … 16 Von Mr_Klobuerste (20.06.2005, 02:21) 311 6 746 Von P6sy6ch6o (31.10.2010, 13:41) The Expendables ist was für Babies ^^ Von 3Z!0N 147!G!D (02.09.2010, 20:11) 1 121 Von Deimos (03.09.2010, 12:06) 1 2 3 4 5 6 7 … 8 9 10 11 12 13 14 15 16 17 18 Sortierung & Filterung Sortierung nach Präfix Titel Dateianhänge Umfragen Autor Erstem Beitrag Bewertung Antworten Zugriffe Letztem Beitrag in aufsteigender Reihenfolge in absteigender Reihenfolge Im Zeitraum der letzten 24 Stunden der letzten 3 Tage der letzten 7 Tage der letzten 14 Tage der letzten 30 Tage der letzten 60 Tage der letzten 100 Tage der letzten 365 Tage von Anfang an Status erledigt unerledigt geschlossen offen Moderatoren: DerHirntot Zurzeit sind neben dir 2 Benutzer in diesem Forum unterwegs: 2 Besucher Statistik: 353 Themen - 10 010 Beiträge (2,53 Beiträge pro Tag) Forum als gelesen markieren Bitte wählen: ----------------------- SZENE HALLE      Querbeet      Veranstaltungen          Wave Gotik Treffen      Treffpunkt      Bands und DJs      Darkest Celebration      Frischfleisch SCHWARZES HALLE E.V.      Aktuelles DIE FÜNF SINNE      Schwarzwaldklinik      Geschmacksache      Sichtbar      Lifestyle      Hörsturz      Surfbar GEISTESWISSENSCHAFTEN      Philosophie & Psychologie      Wirtschaft, Politik & Recht      Soziales & Bildung      Bildende Künste      Geschichte      Kontroverses      Prosa & Lyrik          Altes Lyric- und Prosa-Forum              Die Werke      Religionen & Mystisches      Literatur          Buchtipps INTERESSEN      Forscherdrang      Stubentier & Gummibaum      Spielsucht      Sport Frei      Fernweh      Fundgrube      Humor HALL-MARKT      Markt-Schreier      Arbeitsamt      Gemeinsam einsam      Musikantenstadl      Fahrtwind      Wohnbörse DIE WEBSITE      Ankündigungen und Neuigkeiten      Eure Wünsche, Vorschläge und Ideen          Offener Bereich      Hier funzt was nicht      Spielplatz      Testforum STATIONGUIDE      Radio Corax Statistik Impressum 06.07.2014, 17:20 Zum Seitenanfang Forensoftware: Burning Board®, entwickelt von WoltLab® GmbH Dauerhaft angemeldet bleiben? ","title":"Sichtbar - Schwarzes Halle","desc":null,"details":{"length":5099,"language":"de","date":"2014/10/31 16:18:39","type":"application/xhtml+xml","country":""},"crawling":{"duration":"1","date":"2014/10/31 16:18:39"},"metas":[{"name":"description","value":""},{"name":"keywords","value":""}],"uri":{"protocol":"http","domain":"de.schwarzes-halle.","url":"http://schwarzes-halle.de/index.php?boardid=12&page=board&s=d99ce1a60fde3ae9043905c838cdac6117b0162d"}}},{"_index":"de_content_201410","_type":"resourceQ","_id":"http://budokonzept.de/shop/stores.php?kat0=karate&kat1=kwonrkarate&sid=57dd4e6b0aad185a655f30e10c9355d4","_score":1.0, "_source" : {"body":" Budokonzept-Portal AGB & Datenschutzerklärung | Versandkosten | Kontakt | Impressum   Mein Warenkorb Artikel: 0 Wert: 0,00 € direkt zur Kasse > Mein Konto Produktinformation Kontaktformular   Begriff: [bitte wählen] Aikidoanzug Alumesser Aufnäher Beinspreizer Bo Bo-Tasche Bokken Bonsai Boxbandagen Boxbirnen Boxhandschuhe Boxing Shorts Boxsack Bruchtest Bücher Aikido Bücher Judo Bücher Karate Bücher Sonstige Bücher Taekwondo Capoeira Damen-Brustschutz Dekoration DVD Ellenbogenschützer Erste Hilfe Escrima-Stick Eskrima Fächer Faustschützer Flaggen Fußschützer Geschenke Gewichte Gummimesser Gummipistole Gürtel Gutscheine Hakama Hanbo Handpratzen Handschützer Handtücher Hapkido Holzpuppe Hörbücher Iaido JJ Anzüge Jo Judoanzug farbig Judoanzug weiß Judohose Judojacke Kama Kampfweste Karateanzug farbig Karateanzug schwarz Karateanzug weiß Karatehose Karatehose schwarz/farbig Karatejacke Kendo Kickboxing Kickboxing Hosen Knieschützer Knöchelbandage Kochen fernöstlich Kopfschutz Krav Maga Kubotan Kung-Fu Kyudo Kyusho Jutsu - Vitalpunkte Makiwara Marketing Massage, Kiatsu usw. Matten Medaillen Militärischer Nahkampf MMA Freefight Mundschutz Mützen Ninjutsu Organisation Outdoor Pins und Anstecker Plüschtiere Pokale Poster Pratze Sai Sambo Schärpen Schaumstoffstock Schien- u.Spannschützer Schienbeinschützer Schlagpolster Schlüsselanhänger Schuhe Schwarzgurt Schweißbänder Schwerter Security Shorts Socken Sound Karate Sportmedizin Sporttasche Springseile Standboxsack Stempel Stirnband Sweatshirt T-Shirt Tabis Taekwondo-Anzug Tanto Taschen Tenugui Thaiboxing Tiefschutz Tonfa Trainings-Equipment Trainingsanzug Unterarmschutz Urkunden Waffentasche Westen Wettkampfzubehör Zahnschutz Zoris Hersteller: [beliebig] ADIDAS Budodrake Budodrake Black Dragon DANRHO DAX Fuji Mae Gingko-Budo Hayashi Kaiten Kamikaze KWON NIKE Saiko Sports Shureido Tokaido TOP TEN Vulkan / Mawitz RESTPOSTEN / SCHNÄPPCHEN Budo Zubehör A-Z DVD / Fachbücher Budo-Gürtel Trainingslehre & Management Karate Prüfungsprogramme Karate-Anzüge weiß Karate-Anzüge schwarz Karate-Anzüge Farbe & Tarn einzelne Hosen / Jacken Faustschützer Tiefschützer Karate-Schützer - WKF approved Karate-Schützer Sonstiges KAMIKAZE KAITEN Shureido Saiko Sports TOKAIDO Karate Hayashi Karate ADIDAS Karate KWON (R) Karate DANRHO (R) Karate T-Shirts / Sweatshirts Trainingsanzüge Budogürtel Buch Karate allgemein DVD Karate allgemein Buch&DVD Karate KATA Buch&DVD JKA Karate Wado-Ryu Karate Shito-Ryu Karate Goju-Ryu Karate Dojin Kai Okinawa-Karate Karate Kyokushinkai Karate-Geschenke und Zubehör Taschen Aufnäher Sound Karate Judo - Jiu Jitsu Aikido Taekwondo - Hapkido Kung Fu - Taijichuan - Qigong Boxen Kickboxen MMA Iaido / klassisches Budo Ninjutsu / Outdoor Andere Stilrichtungen A-Z Schutzausrüstung Trainingswaffen Schlagpolster / Boxsäcke Kleidung Freizeit Aufnäher-Flaggen-Poster Wettkampf Equipment Kraft und Fitness KWON (R) DANRHO (R) HAYASHI TOP TEN ADIDAS Kampfsport-Matten ASIA Lifestyle Spezielle Vereine und Schulen © 2006 Ralf Kruckemeyer Kampfkunst-Ausrüstung Grönenberger Str. 7 D-49324 Melle Tel. (+49) 5422 41340 Karate / KWON (R) Karate 1  2  >      Artikel Art.-Nr. Beschreibung € / Stk. incl. MwSt Versandkosten Inland 1 KWON (R) Schweißband schwarz 295.267 Schweißbänder ------------------------------- - elastisch - in weiß erhältlich (10 cm breite) oder ... ab 4,95 € inkl. gesetzl. MwSt. zzgl. 5.95 €  Versandkosten (Inland) 2 KWON (R) Karate ancient T-Shirt 5010062 801.301 Weißes T-Shirt ------------------------------ mit Karate-Motiv. Motivgröße: 26x17 cm Mat... ab 17,90 € inkl. gesetzl. MwSt. zzgl. 5.95 €  Versandkosten (Inland) 3 KWON (R) Baumwollhose 8 OZ 2020 weiß 805.120 - schweißaufsaugendem Material - 8 oz - Elastikbund Material: 100% Baumwolle ----------------------------... ab 19,90 € inkl. gesetzl. MwSt. zzgl. 5.95 €  Versandkosten (Inland) 4 KWON (R) Club Line Sporttasche X-Large schwarz 555015003 Clubline 809.109 Geräumige Tasche - mit KWON (R) Logo - ca. 79 x 35 x 35 cm - mit separaten Nebenfächern - Schwarz mit ro... 29,99 € inkl. gesetzl. MwSt. zzgl. 5.95 €  Versandkosten (Inland) 5 KWON (R) Karate-Anzug Traditional 1002 weiß 810.001 -bewährter, sehr belastbarer Karate-Anzug -für Einsteiger und Fortgeschrittene - volle Arm und Beinlänge - Hose mi... ab 39,27 € inkl. gesetzl. MwSt. zzgl. 5.95 €  Versandkosten (Inland) 6 KWON (R) Karateanzug Traditional Black 1101 810.002 - schweißaufsaugendem - Farbe: schwarz - 8 oz Material: 100% Baumwolle ________________________________ ab 45,95 € inkl. gesetzl. MwSt. zzgl. 5.95 €  Versandkosten (Inland) 7 KWON (R) Karateanzug Traditional 12oz Black 1102 810.003 -schweißaufsaugendem - Farbe: schwarz - eingefärbt - 12 oz Material: 100% Baumwolle ----... ab 109,95 € inkl. gesetzl. MwSt. zzgl. 7.95 €  Versandkosten (Inland) 8 KWON (R) Club Line Karateanzug Junior Clubline 810.004 Karate Anzug -------------------------- - 7 oz. - für Kinder und Jugendliche - incl. weißem Gürtel ab 19,95 € inkl. gesetzl. MwSt. zzgl. 5.95 €  Versandkosten (Inland) 9 KWON (R) Club Line Karateanzug Renshu Clubline 810.005 Einsteiger-Karateanzug ----------------------------------------- - Hose mit Elastikbund und zusätzlicher Schnürung - in... ab 24,95 € inkl. gesetzl. MwSt. zzgl. 5.95 €  Versandkosten (Inland) 10 KWON (R) Club Line Shadow Anzug Clubline 810.006 Schwarzer Karateanzug -------------------------------------- - traditionellem Schnitt - Hose mit Kickzwickel - Hose mit S... ab 29,95 € inkl. gesetzl. MwSt. zzgl. 5.95 €  Versandkosten (Inland) 11 KWON (R) 1106 Karateanzug Kousoku WKF weiß 810.010 Karateanzug ----------------------- - atmungsaktivem Material - Extra schnell trocknend - mit Logo Bestickung - ... ab 129,95 € inkl. gesetzl. MwSt. zzgl. 5.95 €  Versandkosten (Inland) 12 KWON (R) TKD/Karate-Jacke traditionell 810.011 - - - - - - - - - - - - - - - - - - - - - - - - - - - - - - - - - - - - - - -TKD und Karatejacke - weiße Jacke in traditioneller S... ab 27,95 € inkl. gesetzl. MwSt. zzgl. 5.95 €  Versandkosten (Inland) 13 KWON (R) Karatejacke Black 8 oz 810.012 - - - - - - - - - - - - - - - - - - - - - - - - - - - - - - - - - - - - - - Schwarze Karatejacke in 8oz Stoffqualität und traditio... ab 24,95 € inkl. gesetzl. MwSt. zzgl. 5.95 €  Versandkosten (Inland) 14 KWON (R) Karatejacke Black 12 oz 810.013 KWON (R) Karatejacke Black 12 oz - - - - - - - - - - - - - - - - - - - - - - - - - - - - - - - - - - - - - - Schwarze Karatejacke in 12o... ab 49,95 € inkl. gesetzl. MwSt. zzgl. 5.95 €  Versandkosten (Inland) 15 KWON (R) Karate Anzug Full-Contact 1105 Fullcontact Vollkontakt 810.020 Mittelschwerer Karate Anzug ----------------------------------------- - Vollkontaktschnitt - geeignet für Training und Wett... ab 54,50 € inkl. gesetzl. MwSt. zzgl. 5.95 €  Versandkosten (Inland) 16 KWON (R) Karate Anzug Kumite 1114 810.030 schwerer Anzug für das Kumite Karate ------------------------------------------- - geeignet für Wettkampf-und Allgemei... ab 105,91 € inkl. gesetzl. MwSt. zzgl. 7.95 €  Versandkosten (Inland) 17 KWON (R) Karate Anzug Competitive 1103 810.040 Extra leichter Karateanzug für den Kumite Wettkampf ------------------------------------------- - geeignet für Wettkampf ab 49,95 € inkl. gesetzl. MwSt. zzgl. 5.95 €  Versandkosten (Inland) 18 KWON (R) Karate Anzug Kata 12 oz. WKF mit Logo 1113 810.050 - geeignet für Kata - 12 oz. - Kata Schnitt mit kürzeren Ärmeln und Hosenbeinenden - langer Jacke. - Hose ... ab 99,99 € inkl. gesetzl. MwSt. zzgl. 5.95 €  Versandkosten (Inland) 19 KWON (R) Karateanzug Kata 16 oz. ohne KWON Logo 1121 810.055 - geeignet für Kata. - 16 oz. - mit kürzeren Ärmeln und Hosenbeinenden - extra langer Jacke - Hose mit ver... ab 119,00 € inkl. gesetzl. MwSt. zzgl. 7.95 €  Versandkosten (Inland) 20 KWON (R) Karateanzug Premium 13 oz 810.061 Karate Anzug ------------------------ - geeignet für Allgemeintraining - gebleichte Baumwolle - 13 oz. ... ab 104,99 € inkl. gesetzl. MwSt. zzgl. 5.95 €  Versandkosten (Inland) 1  2  >  ","title":"Budokonzept Shop","desc":"Budokonzept bietet ein umfangreiches Angebot rund um Kampfkünste, Security und Outdoor Training. Unsere Produktpalette reicht von Anzügen und Gürteln über ausgefallene Fachliteratur bis hin zu Trainingsequipment wie Schlagpolstern, Ausrüstung und Trainingswaffen.","details":{"length":7970,"language":"de","date":"2014/10/31 16:18:39","type":"text/html","country":""},"crawling":{"duration":"1","date":"2014/10/31 16:18:39"},"metas":[{"name":"description","value":"Budokonzept bietet ein umfangreiches Angebot rund um Kampfkünste, Security und Outdoor Training. Unsere Produktpalette reicht von Anzügen und Gürteln über ausgefallene Fachliteratur bis hin zu Trainingsequipment wie Schlagpolstern, Ausrüstung und Trainingswaffen."},{"name":"author","value":"Ralf Kruckemeyer, Dirk Feldmann"},{"name":"keywords","value":"Budokonzept, Budodrake, budokonzept, budodrake, budo konzept, Budo Konzept, budo Konzept, Budo konzept, budo drake, Budo drake, Budo Drake"},{"name":"keywords","value":"Kampfkunst, Karate, Judo, Kobudo, Kung Fu, Wing Tsun, Ving Tsun, Ju Jutsu, Bücher, Japan, Budo, Bushido, Trainingswaffen, Schlagpolster, Anzüge, Gi, Gürtel, Kempo, Outdoor, Tarn, Security"}],"uri":{"protocol":"http","domain":"de.budokonzept.","url":"http://budokonzept.de/shop/stores.php?kat0=karate&kat1=kwonrkarate&sid=57dd4e6b0aad185a655f30e10c9355d4"}}},{"_index":"de_content_201410","_type":"resourceQ","_id":"http://weiss-blaue-strategen.de/memberlist.php?mode=viewprofile&sid=2d78cbca0552f2db5887e9ae70efae4b&u=69","_score":1.0, "_source" : {"body":" Weiss Blaue Strategen Zum Inhalt Erweiterte Suche Foren-Übersicht Ändere Schriftgröße Persönlicher Bereich • Eigene Beiträge FAQ Registrieren Anmelden Du musst registriert und angemeldet sein, um Profile anzuschauen. Benutzername: Passwort: Ich habe mein Passwort vergessen Die Aktivierungs-E-Mail erneut senden Mich bei jedem Besuch automatisch anmelden Meinen Online-Status während dieser Sitzung verbergen   Registrieren Du musst in diesem Forum registriert sein, um dich anmelden zu können. Die Registrierung ist in wenigen Augenblicken erledigt und ermöglicht dir, auf weitere Funktionen zuzugreifen. Die Board-Administration kann registrierten Benutzern auch zusätzliche Berechtigungen zuweisen. Beachte bitte unsere Nutzungsbedingungen und die verwandten Regelungen, bevor du dich registrierst. Bitte beachte auch die jeweiligen Forenregeln, wenn du dich in diesem Board bewegst. Nutzungsbedingungen | Datenschutzrichtlinie Registrieren Foren-Übersicht Das Team • Alle Cookies des Boards löschen • Alle Zeiten sind UTC + 1 Stunde [ Sommerzeit ] Powered by phpBB © 2000, 2002, 2005, 2007 phpBB Group Deutsche Übersetzung durch phpBB.de Impressum ","title":"Weiss Blaue Strategen • Anmelden","desc":null,"details":{"length":1153,"language":"de","date":"2014/10/31 16:18:41","type":"application/xhtml+xml","country":""},"crawling":{"duration":"1","date":"2014/10/31 16:18:41"},"metas":[{"name":"resource-type","value":"document"},{"name":"distribution","value":"global"},{"name":"copyright","value":"2000, 2002, 2005, 2007 phpBB Group"},{"name":"keywords","value":""},{"name":"description","value":""}],"uri":{"protocol":"http","domain":"de.weiss-blaue-strategen.","url":"http://weiss-blaue-strategen.de/memberlist.php?mode=viewprofile&sid=2d78cbca0552f2db5887e9ae70efae4b&u=69"}}},{"_index":"de_content_201410","_type":"resourceQ","_id":"http://honda-petrick.de/go.to/modix/4,2,t4a9699q,4/xxl.html?chiffre=mdx-t4a9699q&version=700","_score":1.0, "_source" : {"body":" Honda CR-V 2.2i DTEC 4WD Automatik Elegance Winter-P. Sitzheizung Fenster schließen Zoom 100% Zoom 75% Zoom 50% ","title":"Petrick KG  Automobil- und Motorradvertrieb, Hamburg - Stellingen - xxl","desc":"Petrick KG  Automobil- und Motorradvertrieb,","details":{"length":113,"language":"de","date":"2014/10/31 16:18:39","type":"text/html","country":""},"crawling":{"duration":"1","date":"2014/10/31 16:18:39"},"metas":[{"name":"Keywords","value":"Petrick KG  Automobil- und Motorradvertrieb,"},{"name":"Description","value":"Petrick KG  Automobil- und Motorradvertrieb,"},{"name":"Copyright","value":"Petrick KG  Automobil- und Motorradvertrieb"},{"name":"Publisher","value":"Petrick KG  Automobil- und Motorradvertrieb & Modix GmbH - http://www.modix.de - info@modix.de"},{"name":"Generator","value":"Modix CMS - http://www.modix.de"},{"name":"page-topic","value":"Dienstleistung / Automotive"},{"name":"MSSmartTagsPreventParsing","value":"true"},{"name":"robots","value":"noarchive"},{"name":"robots","value":"index, follow"},{"name":"revisit-after","value":"7 days"},{"name":"mdx-kfzmod","value":"1-6135-140808;MDX-T4A9699Q"}],"uri":{"protocol":"http","domain":"de.honda-petrick.","url":"http://honda-petrick.de/go.to/modix/4,2,t4a9699q,4/xxl.html?chiffre=mdx-t4a9699q&version=700"}}},{"_index":"de_content_201410","_type":"resourceQ","_id":"https://shop.justpay.de/password_double_opt.php/jpssid/m9nakv16f8p4r20l2b01m9j685","_score":1.0, "_source" : {"body":" Ihr Konto • Warenkorb • Kasse Erweiterte Suche » my justpay justpay-Shop           justpay-Startseite Stadien/Arenen Kontakt  Sie befinden sich hier: Startseite - justpay-Shop » Passwort vergessen? Im Warenkorb: Ihr Warenkorb ist derzeit leer. » zum Warenkorb gehen Login Username oder E-Mail-Adresse: Passwort: » Anmelden  |  » Registrieren Passwort vergessen? Bestseller 01. Stadiondeckel 2,00 €* 02. Eigene justpay-Karte Nur 9,50 €* 03. Wappen Eintracht... 2,00 €* Kategorien Karten Kompletteditionen Sammelzubehör Accessoires Geschenkideen Sammlerkarten Veranstaltungsstätte Bitte wählen Arena Trier campushalle Flensbur.. COMMERZBANK ARENA Fritz-Walter-Stadion Lipperlandhalle Lemg.. Olympiastadion Berli.. Rhein-Neckar-Arena RheinEnergieStadion Ricoh Arena Signal Iduna Park Do.. Sundown Beach Informationen Merkliste Eigene justpay-Karte Zahlungsmöglichkeiten Liefer- und Versandkosten Passwort erneuern? Ändern Sie Ihr Passwort in drei leichten Schritten. Schritt 1: Bitte geben Sie die E-Mail-Adresse ein, unter der Sie Ihr Konto bei justpay-Shop angelegt haben.     Sicherheitscode     Sicherheitscode E-Mail-Adresse:     Klicken Sie auf Weiter und wir senden Ihnen eine E-Mail mit einem auf Sie zugeschnittenen Link!     zu Schritt 2 Kontakt AGB Datenschutz SSL-Sicherheit Impressum Copyright © 2014 payment solution services GmbH. All Rights reserved. *Alle Preise inkl. MwSt und zzgl. Versandkosten ","title":"justpay-Shop","desc":"justpay OnlineShop :: justpay ist ein bargeldoses Paymentsystem speziell konzipiert für den Einsatz in Sportarenen und Freizeitanlagen.","details":{"length":1413,"language":"de","date":"2014/10/31 16:18:41","type":"application/xhtml+xml","country":""},"crawling":{"duration":"1","date":"2014/10/31 16:18:41"},"metas":[{"name":"robots","value":"index,follow"},{"name":"language","value":"de"},{"name":"author","value":"Kateryna Krunich"},{"name":"publisher","value":"payment solution services GmbH"},{"name":"company","value":"payment solution services GmbH"},{"name":"page-topic","value":"shopping"},{"name":"reply-to","value":"info@justpay.de"},{"name":"distribution","value":"global"},{"name":"revisit-after","value":"7"},{"name":"description","value":"justpay OnlineShop :: justpay ist ein bargeldoses Paymentsystem speziell konzipiert für den Einsatz in Sportarenen und Freizeitanlagen."},{"name":"keywords","value":"justpay, payment solution, sportarena, bargeldlos, NFC, near field communication, FCKöln, Bezahlkarte, fussball, goalgetter"}],"uri":{"protocol":"https","domain":"de.justpay.shop.","url":"https://shop.justpay.de/password_double_opt.php/jpssid/m9nakv16f8p4r20l2b01m9j685"}}},{"_index":"de_content_201410","_type":"resourceQ","_id":"http://wiegand-international.de/992923953/1/ad370/mtaxnjkxmdaynq==/merck+chemie+1016910025+wiegand+hamburg.html?sid=8nn1vdnd0ov8t09e40h9edh3r5","_score":1.0, "_source" : {"body":"   Contacts Home About us About us Projects Service Directions Contact in your country Imprint Shopping cart | articles: 0 Automatically Description Art. No. Union catalogue 2mag Amarell Applichem Aqualytic ART Labortechnik Asecos Bachofen Bandelin BDK Behr Bernd Kraft Binder Biostep Bochem Boesecke Bohlender Borer Chemie Brand Braun Petzold Breuell / B-Safety Büchi Buddeberg Bühler Bürkle Carbolite CAT CertoClav Christ Consort CS Chromatographie da Vinci Defet Deutsch & Neumann Dewert Dia-Nielsen Diener electronic Dinkelberg Ditabis Domnic Hunter Dosch Dostmann Duran Group Ebro Ecosafe Eder Ekastu Elga Eppendorf ETG Flux-Geräte Fritsch Fröbel Funke Gerber Geco-Gering Gestigkeit GFL Glasfirn GLT Gram Deutschland Greiner Bio-One Haake Thermo Scientific Hahnemühle Haldenwanger Hamilton Hammacher Hanna Haver & Boecker Hecht Heidolph Hellma Hermle Hettich Hielscher Hirschmann HMC-Europe Hofmann HTA-BioTec Huber HWS IDL Diverse Artikel IDL GmbH IKA Ilmvac Ismatec Jenway Juchheim Julabo Kautex Kern KGW Isotherm Kimberly-Clark Kinematica Kirsch Kleinfeld KNF Neuberger Knick Köhler Chemie Kojair-Geräte Köttermann Katalog Krüss Labortechnik Medingen Lambrecht Landgraf HLL LAT LAT-Laborwelten Lauda LHG Liebisch Limmer Linker Linn LTF Lufft Macherey-Nagel Marienfeld MBT-Brand Meinsberg Memmert Menzel Thermo Scientific Merck Chemie Messner Mettler-Ingold Miele Miethke Millipore MMM Motic Multimed Nabertherm Nalge Thermo Scientific National Lab neoLab neoLab Chemie Nunc Thermo Scientific Ohaus Ori Phoenix Instrument Poulten & Graf QCS QGT Quarzglas Ratiolab Reitenspieß Retsch Rettberg Ritter Rometsch Roth Rötzmeier RSG SAF Wärmetechnik Sartorius Lab Instruments Sartorius Stedim Sartorius/Biohit Scharlau Schlee Schmidt&Haensch Schneider Schott Glasoptik schuett biotec Schwarz Abfüllgeräte SHL/STL SHP Steriltechnik SI Analytics Siemens Evoqua Sigma Starke Steiner Systec T&M Vertrieb OHG Testo Thermo Scientific LED Thies TKA TQC VACUUBRAND Vitlab VLM Wagner und Munz Weidner Werner Wasser Whatman Wiegand Wieland Windaus Winkler Witeg WLD-TEC Wolf Sanoclav WTW Ziegra Detail search Contents Suppliers Product Overview Client ID: Password: KANADABALSAM FUER DIE MIKROSKOPIE Inhalt pro Packung: 25 ml R-Nummer: R 10 CAS-N   Similar articles (2)     Order-No.: 1016910025 Price on request for 1 package plus VAT (19%) plus shipping costs package KANADABALSAM FUER DIE MIKROSKOPIE Inhalt pro Packung: 25 ml R-Nummer: R 10 CAS-Nummer: 8007-47-4 WGK-Nummer: 2 UN-Nummer Landverkehr: 1993 Bezeichnung Landverkehr: Entzündbarer flüssiger Stoff, n.a.g.(KANADA DITERPENE) ADR-Nummer: 3, III UN-Nummer Seeversand: 1993 Bezeichnung Seeversand: FLAMMABLE LIQUID, N.O.S.(CANADA TURPENTINE) UN-Nummer Luftversand: 1993 Bezeichnung Luftversand: FLAMMABLE LIQUID, N.O.S.(CANADA TURPENTINE) HS-Warennummer: 13019000 Bruttogewicht: 0,075 Nettogewicht: 0,025 Lagerklasse VCI: 3 Lagerung (Temperatur) Code: 10 EMS: F-E/S-E EG-Nummer: 232-362-2 Materialnummer allgemein: 1.01691.0025 Verpackung Code: 13 Transportgruppen: 0001 EAN13-Nummer: 4022536023632 Waren- / Artikelgruppe: 8603130 RTECS: CP2352500 Gefährlichkeitsmerkmale: 5 more (-) Security-related data: R statements: R 10 UN number: 1993 GHS Number: GHS02 manufacturer: Merck Chemie Category: Cell counting devices Index: Cell counting devices Validity: 30.06.2014 Last Update: 08.05.2014   Imprint Help Contacts ","title":"Wiegand International - KANADABALSAM FUER DIE MIKROSKOPIE Inhalt pro Packung: 25 ml R-Nummer: R 10 CAS-N, Price on request","desc":"KANADABALSAM FUER DIE MIKROSKOPIE Inhalt pro Packung: 25 ml R-Nummer: R 10 CAS-N, Price on request","details":{"length":3369,"language":"de","date":"2014/10/31 16:18:41","type":"application/xhtml+xml","country":""},"crawling":{"duration":"1","date":"2014/10/31 16:18:41"},"metas":[{"name":"title","value":"Wiegand International - KANADABALSAM FUER DIE MIKROSKOPIE Inhalt pro Packung: 25 ml R-Nummer: R 10 CAS-N, Price on request"},{"name":"date","value":"2014-05-08"},{"name":"revisit-after","value":"7 days"},{"name":"keywords","value":"Wiegand Hamburg 90750130 Cell counting devices"},{"name":"copyright","value":"mydata GmbH, 30855 Langenhagen, Deutschland"},{"name":"description","value":"KANADABALSAM FUER DIE MIKROSKOPIE Inhalt pro Packung: 25 ml R-Nummer: R 10 CAS-N, Price on request"},{"name":"audience","value":"All"},{"name":"expires","value":"43200"},{"name":"page-type","value":"Homepage"}],"uri":{"protocol":"http","domain":"de.wiegand-international.","url":"http://wiegand-international.de/992923953/1/ad370/mtaxnjkxmdaynq==/merck+chemie+1016910025+wiegand+hamburg.html?sid=8nn1vdnd0ov8t09e40h9edh3r5"}}},{"_index":"de_content_201410","_type":"resourceQ","_id":"http://shop.oehmeedv.de/product_info.php?cpath=4_7903&oscsid=4e6b3ae0b2eacecc4467f7bbd6c413de&products_id=9762","_score":1.0, "_source" : {"body":" Über oehme edv | Leistungen | Aktuelles | Shopping | Support | Startseite | Kontakt Warenkorb Kasse Ihr Konto    Startseite » Katalog » Drucker und MFG » Tintendrucker » C11CC34302 Kategorien Drucker und MFG-> (348)    Etikettendrucker (39)    Festtinte (4)    Laser color (69)    Laser monochrom (74)    MFG Laser color (47)    MFG Laser monochrom (45)    Nadeldrucker (35)    Tintendrucker (13)    Tintenmultifunktionsgeräte (22) Druckerverbrauchsmaterial-> (406) Druckerzubehör-> (8) Kabel-> (4) Kartenlesegeräte-> (67) Papier-> (18) Projektoren (4) Scanner (25) Hersteller Bitte wählen BELKIN BROTHER CCV CELECTRONIC CHERRY DATA COPY EPSON HEWLETT PACKARD INACOPIA Inapa-Tecno INGENICO INGENICO HEALTH.. Kyocera OKI REINER SCT ROLINE SAMSUNG Schneidersoehne XEROX Schnellsuche   Verwenden Sie Stichworte, um ein Produkt zu finden. erweiterte Suche Informationen Liefer- und Versandkosten Privatsphäre und Datenschutz AGB's und Rückgabebelehrung Kontakt Impressum Trusted Shops Tintenstrahldrucker EPSON WorkForce WF-3010DW inkl. URA und 1 Jahr vom Epson Premium Focus Partner [C11CC34302] 133,90€ inkl. USt. und zzgl. Versand Versandgewicht: 5,30 kg Lieferzeit: Sofort lieferbar In den Warenkorb Ihre Vorteile: Beratung, Reparatur und Zubehör aus einer Hand - Wir sind Ihr Epson-Partner! Bei Fragen erreichen Sie uns Mo - Fr von 08:00 bis 17:00 Uhr unter 0371/450520 Produktfeatures: hohe Druckgeschwindigkeit - bis zu 38 Seite pro Minute drucken hohe Druckqualität umfangreiche Anschlussmöglichkeiten dank USB und Netzwerkschnittstellen (LAN und W-LAN) integrierte Duplexeinheit für einfachen beidseitigen Druck inklusive Originaltinte Technische Daten: Druckmethode 4-Farb-Tintenstrahldrucker 384 Düsen für Schwarz, 128 Düsen pro Farbe Druckgeschwindigkeit bis zu 38 Seiten pro Minute in Schwarzweiß oder Farbe bis zu 15 bzw. 9,2 Seiten pro Minute in Schwarzweiß bzw. Farbe nach ISO/IEC 24734 Druckauflösung bis zu 5.760 x 1.440 dpi Druckvolumen bis zu 12.000 Seiten pro Monat Duplexdruck integrierte Duplexeinheit Allgemeines Papiermanagement Papierzufuhr: 250 Blatt Papierkassette + 1 Blatt Mehrzweckzufuhr Papierformate: DIN A4, A5, A5, B5, C4, C6, DL, No. 10, Letter, Legal, Fotoformate (10 x 15 cm, 13 x 18 cm), benutzerdefinierte Formate Schnittstellen USB 2.0, 10/100 Base-TX Ethernet, Wireless LAN IEEE 802.11 b/g/n W-LAN unterstützt WEP und WPA-PSK (TKIP und AES) kompatible Betriebssysteme Windows XP, Vista, Windows 7 (64-Bit-Versionen werden unterstützt) Mac OS X 10.5.8 oder höher Abmessungen 449 x 380 x 165 mm (B x T xH) Gewicht 5,3 kg Leistungsaufnahme 17 Watt, 2 Watt im Energiesparmodus Geräuschemission 41 dB(A) Lieferumfang Drucker Stromkabel Aufstellanleitung, Installtion / Sicherheitshandbuch, Herstellergarantiedokument CD-ROM mit Druckertreibern und Hilfsprogrammen Seperate Einzelpatronen Herstellergarantie 12 Monate Carry-In (weitere Informationen hier) Die gesetzlichen Rechte des Verbrauchers - unter anderem auch die Rechte bei Mängeln der Kaufsache (Gewährleistungsrechte) gegenüber dem Verkäufer - bleiben unberührt und werden durch die Herstellergarantie nicht eingeschränkt. In den Warenkorb Bewertungen Einkaufswagen 0 Waren Copyright © 2014 Webshop von Oliver Oehme EDV-Service GmbH Powered by osCommerce ","title":"Tintenstrahldrucker EPSON WorkForce WF-3010DW inkl. URA und 1 Jahr vom Epson Premium Focus Partner, Webshop von Oliver Oehme EDV-Service GmbH","desc":"Drucken, Scannen, Kopieren, Faxen - Ihr Druckerspezialist in Chemnitz, Sachsen. Beratung und Service zu Brother, Epson, Kyocera, OKI, Samsung und Xerox, sowie Zeiterfassung von REINER SCT.","details":{"length":3249,"language":"de","date":"2014/10/31 16:18:38","type":"application/xhtml+xml","country":""},"crawling":{"duration":"1","date":"2014/10/31 16:18:38"},"metas":[{"name":"distribution","value":"Global"},{"name":"revisit-after","value":"5 days"},{"name":"language","value":"de"},{"name":"keywords","value":"Drucker, Scanner, Kopierer, Faxe, Chemnitz, StraÃŸe der Nationen 35 a, Oliver Oehme EDV Service GmbH, Online Shop, Shop, kaufen, verkauf, Drucken, Print, Scannen, scan, Kopieren, copy, Reparatur, Neukauf, Oki, Samsung, Epson, Xerox, Brother, Reiner SCT, Kyocera, Sachsen, Deutschland, oehmeEDV, BÃ¼ro, BÃ¼robedarf, Toner, Papier, KartenlesegerÃ¤te, Kauf, Beratung, Support, Hilfe, Kaufberatung, Nadeldrucker, MultifunktionsgerÃ¤te, Tintenstrahldrucker, Laserdrucker, SchwarzweiÃŸ, Farbe,Startseite"},{"name":"description","value":"Drucken, Scannen, Kopieren, Faxen - Ihr Druckerspezialist in Chemnitz, Sachsen. Beratung und Service zu Brother, Epson, Kyocera, OKI, Samsung und Xerox, sowie Zeiterfassung von REINER SCT."},{"name":"abstract","value":"oehme edv - Ihr Druckerspezialist"},{"name":"robots","value":"index,follow"},{"name":"coverage","value":"worldwide"},{"name":"rating","value":"General"},{"name":"audience","value":"All"}],"uri":{"protocol":"http","domain":"de.oehmeedv.shop.","url":"http://shop.oehmeedv.de/product_info.php?cpath=4_7903&oscsid=4e6b3ae0b2eacecc4467f7bbd6c413de&products_id=9762"}}},{"_index":"de_content_201410","_type":"resourceQ","_id":"http://forum.traurige-hundeherzen.de/ucp.php?mode=delete_cookies&sid=41c48105d40301bcbf2d869ce76b7109","_score":1.0, "_source" : {"body":" Traurige Hundeherzen e.V. Austausch von Informationen rund um Hunde Zum Inhalt Erweiterte Suche Foren-Übersicht Ändere Schriftgröße FAQ Registrieren Anmelden Alle Cookies des Boards löschen Sind Sie sicher, dass Sie alle Cookies des Boards löschen möchten?   Foren-Übersicht Das Team • Alle Cookies des Boards löschen • Alle Zeiten sind UTC + 1 Stunde [ Sommerzeit ] Powered by phpBB © 2000, 2002, 2005, 2007 phpBB Group Deutsche Übersetzung durch phpBB.de ","title":"Traurige Hundeherzen e.V. • Persönlicher Bereich • Alle Cookies des Boards löschen","desc":null,"details":{"length":458,"language":"de","date":"2014/10/31 16:18:38","type":"application/xhtml+xml","country":""},"crawling":{"duration":"1","date":"2014/10/31 16:18:38"},"metas":[{"name":"resource-type","value":"document"},{"name":"distribution","value":"global"},{"name":"copyright","value":"2000, 2002, 2005, 2007 phpBB Group"},{"name":"keywords","value":""},{"name":"description","value":""}],"uri":{"protocol":"http","domain":"de.traurige-hundeherzen.forum.","url":"http://forum.traurige-hundeherzen.de/ucp.php?mode=delete_cookies&sid=41c48105d40301bcbf2d869ce76b7109"}}},{"_index":"de_content_201410","_type":"resourceQ","_id":"http://finde-duisburg.de/search?location=duisburg&not_search=1&page=1&search=papierwaren","_score":1.0, "_source" : {"body":" Anmelden Unternehmen hinzufügen Finde Duisburg Suche Branchensuche: A B C D E F G H I J K L M N O P Q R S T U V W X Y Z Local search   Branchensuche: A B C D E F G H I J K L M N O P Q R S T U V W X Y Z Papierwaren in Duisburg 26 Unternehmen gefunden Liste Karte Branche Büroeinrichtung Büroeinrichtungen Druckerei Schreibwaren Spedition Möbel Verwaltungsgesellschaften Transport Blumen Computer Dekoration Holzwaren Kunststoffbearbeitung Mobilfunk Mode Museum Möbelspeditionen Möbeltransport Papier und Schreibwaren Stadtteil Bergheim Dellviertel Duissern Großenbaum Alt-Hamborn Alt-Homberg Friemersheim Hochfeld Huckingen Hüttenheim Kaßlerfeld Neumühl Rahm Ungelsheim Wanheimerort Verwandte Suchanfragen Askania Fachmarkt Für Büro U. Schreibwaren Schreib- U. Papierwaren || Papierwaren 1 Nitto Deutschland GmbH (02065) 836 0 (02065) 836136   Dr.-Detlev-Karsten-Rohwedder-Str. 7 47228 Duisburg Bergheim Papierwaren 2 Hans-Joachim Skoruppa (02065) 52209 (02065) 59611   Herkenweg 8 47226 Duisburg http://www.skoruppa-duisburg.de Papierwaren 3 MCK Bilder u. Rahmen Handel (0203) 288402   Sonnenwall 21 47051 Duisburg Papierwaren 4 Dietrich & Hermann Gmbh Büroeinrichtungshaus (0203) 21052 (0203) 21046   Tonhallenstr. 7 47051 Duisburg Dellviertel http://www.albanisjazzlive.org Papierwaren 5 Gerhard Dahlitz (0203) 750933   Quadestr. 5 47259 Duisburg Hüttenheim Papierwaren 6 Günter Blomenkamp (0203) 720735   Kalkweg 179B 47279 Duisburg http://www.tchibo.de « erste Seite ‹ zurück 1 2 Suchen Sie nach ähnlichen Branchen Papierwaren Einzelhandel Papierwaren Großhandel Papierwaren Hersteller Papierwaren Vertrieb Weitere Standorte Papierwaren in Oberhausen Papierwaren in Essen Papierwaren in Düsseldorf Papierwaren in Bochum Papierwaren in Wuppertal Papierwaren in Mönchengladbach Papierwaren in Dortmund Papierwaren in Köln Papierwaren in Bonn Papierwaren in Münster Branchensuche: A B C D E F G H I J K L M N O P Q R S T U V W X Y Z Local search   Branchensuche: A B C D E F G H I J K L M N O P Q R S T U V W X Y Z Kontakt Impressum Allgemeine Geschäftsbedingungen ","title":"Papierwaren in Duisburg | Finde Duisburg","desc":"Papierwaren in Duisburg - 26 Treffer bei Finde Duisburg mit Öffnungszeiten, Adresse, Telefonnummer und weitere Informationen.","details":{"length":2067,"language":"de","date":"2014/10/31 16:18:39","type":"text/html","country":""},"crawling":{"duration":"1","date":"2014/10/31 16:18:39"},"metas":[{"name":"viewport","value":"width=device-width, initial-scale=1.0"},{"name":"revisit-after","value":"7 days"},{"name":"language","value":"Deutsch"},{"name":"page-topic","value":"Branchenbuch Verzeichnis Firmen Unternehmen"},{"name":"keywords","value":"Stadtbranchenbuch Duisburg Papierwaren,   Branchenbuch Duisburg Papierwaren, Unternehmen Duisburg Papierwaren,  Adresse, Telefonnummer, Branche, Firmen, Karte, Branchen, Routenplaner, Faxnummer ,Öffnungszeiten"},{"name":"geo.placename","value":"Duisburg"},{"name":"Generator","value":"Drupal 7 (http://drupal.org)"},{"name":"robots","value":"noindex, follow"},{"name":"geo.position","value":"51.4344079;6.7623293"},{"name":"ICBM","value":"51.4344079;6.7623293"},{"name":"description","value":"Papierwaren in Duisburg - 26 Treffer bei Finde Duisburg mit Öffnungszeiten, Adresse, Telefonnummer und weitere Informationen."}],"uri":{"protocol":"http","domain":"de.finde-duisburg.","url":"http://finde-duisburg.de/search?location=duisburg&not_search=1&page=1&search=papierwaren"}}},{"_index":"de_content_201410","_type":"resourceQ","_id":"http://my-corner.de/cgi-bin/schach.pl?gdbid=1024&move=31&show=c_observegame&turn=1&turnpgn=1","_score":1.0, "_source" : {"body":" Letzte Schach Ergebnisse:   mistgabel vs. Behindert  :  1-0   Behindert vs. viktor54  :  0-1 Home | FAQ | Eröffnungen | Datenbank | Partien | Tabellen | Suche | Kontakt | Spenden | Registrieren  .: Login Benutzername Passwort [ PW Verloren ] [ SSL Version ] .: Poll 25 Besteht Interesse an Allg. Schach News ?   Ja   Nein [ Ergebnisse] .: Statistiken Laufende Partien 570 Beendete Partien 100344 Sieg Weiß 48 % Matt 25 % Remis 5 % Aufgabe 45 % Timeout 25 % Halbzüge Ges. 5071716 Ø Partie 50 Halbzüge Heute 143 my-coRner chess: # 1024 || Observer Modus   Diese Partie Kostyra,Stanislaw gegen Bartosik,Piotr wurde am 1992.??.?? in Wisla gespielt. Eröffnung: B07 ( Pirc defense) Halbzüge: 138 Ergebnis: 1-0   Kostyra,Stanislaw 1 0 0                 1      2      3      4      5      6      7      8      H G F E D C B A 1 0 1 Bartosik,Piotr Spielverlauf 69 e6 Rg1 68 Rb7 Rg6 67 e5 Rh6 66 Kd5 Rh5+ 65 Ke6 Rh6+ 64 Ra7+ Ke8 63 Kxe5 Rh3 62 Kf5 Rxf3+ 61 Ra6 Rf1 60 Rh6 Rf2 59 Rg6 Rf1 58 Kg4 Rh1 57 Rf6+ Ke7 56 Kg5 Rh3 55 Kg4 Rh1 54 Kg3 Kf7 53 Rxc6 Rxh5 52 Rh6 Kg7 51 Rg6+ Kf7 50 Rg5 Kf6 49 Kg2 Rh4 48 Rf5+ Ke6 47 Rg5 Kf6 46 Rg6+ Kf7 45 Kf2 Kg7 44 Rh6+ Kf7 43 Rxh7+ Kf6 42 Rh6 Kf7 41 Rf6+ Ke7 40 Ke3 Kd6 39 Kd3 Kc7 38 h5 Rh3 37 Rf5 Rh2 36 Kc3 Rxg2 35 Rxf6 Re2+ 34 Rxf7+ Kb6 33 Rg7 Bxf6 32 Rg8+ Kc7 31 Kxb2 Be7 30 Kc2 Rxe3 29 Nxf6 Bb4+ 28 Bxb3 Rxb3 27 Ne8+ Kd8 26 Bc4 Nxb2 25 Kd2 Na4 24 Kc3 Rb8 23 Kxc2 Bb3+ 22 Ne3 bxc2 21 Nd1 b3 20 axb4 axb4 19 f3 b4 18 Rxd8 Rxd8 17 Be2 a5 16 Ng7 Nc5 15 a3 Bf8 14 Rg3 Kc7 13 Rh3 Rd8 12 h4 Bb4 11 Nf5 b5 10 Nh4 c6 9 Bxf6 gxf6 8 Nf3 Kc8 7 O-O-O Nd7 6 Bg5 Be6 5 Qxd8+ Kxd8 4 dxe5 dxe5 3 Nc3 e5 2 e4 Nf6 1 d4 d6   Weiterführende Links: mY-Corner: Grosse Spieledatenbank ! mY-Corner: ECO Übersicht ! mY-Corner: ... oder einfach kostenlos mitspielen ! .: Aktuell Topspiele: Nimmzo vs. Spock45  :  horstelmann vs. Nimmzo  :  Rekorde .: Online 3 Benutzer und 2 Gäste Neos  09:11 schweinfury  09:06 Mrat  09:02 Neueste Benutzer: bales NoName Tofuburger Daotui Alichess88 [ mehr ] © 2004-2012 Tobias Gerner Disclaimer ","title":"my-coRner online Schach kostenlos || Schach für jedermann","desc":"Bietet kostenloses online Schach. Einfache Registrierung. Wertungspartien, Freundschaftspartien, Variantenpartien, Mannschaftspartien. Kein extra Plugin erforderlich. Schach Turniere, PGN Export, Eröffnungshelfer, FIDE konforme Regeln und viel mehr","details":{"length":2035,"language":"de","date":"2014/10/31 16:18:39","type":"text/html","country":""},"crawling":{"duration":"1","date":"2014/10/31 16:18:39"},"metas":[{"name":"description","value":"Bietet kostenloses online Schach. Einfache Registrierung. Wertungspartien, Freundschaftspartien, Variantenpartien, Mannschaftspartien. Kein extra Plugin erforderlich. Schach Turniere, PGN Export, Eröffnungshelfer, FIDE konforme Regeln und viel mehr"},{"name":"keywords","value":"Schach, kostenlos,online, spielen, live, Portal, Chess,liveschach,internet"},{"name":"robots","value":"index,follow"},{"name":"language","value":"de"},{"name":"copyright","value":"Copyright 2004 Tobias Gerner"}],"uri":{"protocol":"http","domain":"de.my-corner.","url":"http://my-corner.de/cgi-bin/schach.pl?gdbid=1024&move=31&show=c_observegame&turn=1&turnpgn=1"}}},{"_index":"de_content_201410","_type":"resourceQ","_id":"http://therapie-gilde.de/viewcharacter.php?esort=2%7casc&member_id=3&msort=0%7casc&rsort=1%7cdesc&s=08b39d8ca9e62d8ef8f13b8a1007da8b25d80b45","_score":1.0, "_source" : {"body":" x #{title} #{text} x #{title} #{text} x #{title} #{text}   •   Sonntag, 6. Juli 2014 09:12   Portal DKP-System Forum     Menü News Punktestand Roster Raids Ereignisse Item-Historie Benutzerliste   User-Menü Anmelden   Links EQDKP-Plus   DKP Infos Raids 0 Spieler 33 Gegenstände 0 Tnb Level 50, Esper (Chua) 1up - PVE SemiProgress on Ikthia Geschlecht Male Gilde Therapie Pfad Siedler DKP Informationen Kontoname Erhalten Ausgegeben Anpassungen Ereignisse: Aktuell Raids (30 Tage) Raids (60 Tage) Raids (90 Tage) Raids (Lebenszeit) 20iger 0 0 0 0 0% (0/0) 0% (0/0) 0% (0/0) 0% (0/0) ... 1 Einträge gefunden Raids Gegenstände Korrekturen Raidteilnahme Notizen Raidbeteiligungs-Historie Datum Name Notiz Wert ... 0 Einträge gefunden Item-Kauf-Historie Datum Käufer Name Raid Itempool Wert ... 0 Einträge gefunden Individuelle Korrektur-Historie Datum Grund Wert ... 0 Einträge gefunden Icon Ereignis Raids (Lebenszeit) 20iger Raid 0% (0/0) ... 1 Einträge gefunden Keine Notizen vorhanden. Kommentare Keine Kommentare vorhanden EQDKP-PLUS 1.0.9 © 2014 by EQdkp-Plus Team ","title":"Historie für Tnb - 1up - PVE SemiProgress on Ikthia DKP","desc":"1up - PVE SemiProgress on Ikthia","details":{"length":1068,"language":"de","date":"2014/10/31 16:18:40","type":"application/xhtml+xml","country":""},"crawling":{"duration":"1","date":"2014/10/31 16:18:40"},"metas":[{"name":"keywords","value":"Wildstar, Gilde, 1up, Dominion"},{"name":"description","value":"1up - PVE SemiProgress on Ikthia"},{"name":"author","value":"1up - PVE SemiProgress on Ikthia"}],"uri":{"protocol":"http","domain":"de.therapie-gilde.","url":"http://therapie-gilde.de/viewcharacter.php?esort=2%7casc&member_id=3&msort=0%7casc&rsort=1%7cdesc&s=08b39d8ca9e62d8ef8f13b8a1007da8b25d80b45"}}},{"_index":"de_content_201410","_type":"resourceQ","_id":"http://freunde-in-cambugan.de/ergebnis.php?lang=846&pid=699090&pid=860045&sid=ddii0345egngu2m971bdv4heg1&timeid=1231801200","_score":1.0, "_source" : {"body":" Home Projects Results Supporter Guest book Weblog Gallery Results Languages Noch mehr Zukunft schenken [ 3 from 47 ] Project report   [  Project description ] Open PDF \"My name is Monica. How are you?\"... ...soweit waren Monica und Sebastian nach den Englischstunden in Cambugan. Jetzt können sie aber schon ganze Sätze formulieren und viel mehr. Das haben alle Spender ermöglicht, die sich am Stipendium beteiligt haben, das den 2 die weitere Schulausbildung am colegio finanziert. 1 Jahr ist jetzt beinahe schon um und beiden gefällt es sehr gut. Sebastian fällt das lernen leicht, er hat gute Noten. Monica muss ein bisschen mehr kämpfen, das tut sie aber auch ganz tapfer. Nochmal ein großes THANK YOU von Monica, Sebastian und mir an alle, die hier geholfen haben 2 Lebenswege entscheidend zu prägen. Back to top Project description   [  Project report ] Juni, Sommer, Sonne,...es geht aufs Ende des Schuljahres zu. Das heißt dass wieder eine Schulklasse die Grundschule abschließt und Kinder sich für das weiterführende Colegio anmelden können - wenn es ihnen finanziell möglich ist. Aus dem Jahrgang, den ich letztes Jahr unterrichtet hab, würden Sebastian und Monica gerne weiter zur Schule gehen, können es aber beide nicht bezahlen. Da wäre ein Stipendium fein     Die Kosten sind leider teuerer geworden und liegen jetzt für die gesamte Schulausbildung bei 625 Euro, entsprechend 1250 Euro für beide. NEWS 05/10 Die zwei sind mittlerweile beide am colegio angemeldet und gehen sehr gerne hin. DANKE an alle, die geholfen haben die ersten Jahre zu finanzieren     Total number of visitors: 387722 • This site: 2165430 Imprint • Privacy statement • 9bits Bremen © 2008-2012 Background-Image: www.SXC.hu / Justin Phelan © 2008-2012 ","title":"FREUNDE-IN-CAMBUGAN - Ergebnisse","desc":"The TV show","details":{"length":1741,"language":"de","date":"2014/10/31 16:18:40","type":"text/html","country":""},"crawling":{"duration":"1","date":"2014/10/31 16:18:40"},"metas":[{"name":"robots","value":"index,follow"},{"name":"description","value":"The TV show "},{"name":"keywords","value":"linda pracejus,auf und davon,mein auslandstagebuch,cambugan,ecuador"},{"name":"author","value":"Bernd Mehrtens"},{"name":"publisher","value":"Bernd Mehrtens - Internet und Mediengestaltung"},{"name":"copyright","value":"Bernd Mehrtens - Internet und Mediengestaltung"},{"name":"creation_date","value":""},{"name":"revisit-after","value":"14 days"}],"uri":{"protocol":"http","domain":"de.freunde-in-cambugan.","url":"http://freunde-in-cambugan.de/ergebnis.php?lang=846&pid=699090&pid=860045&sid=ddii0345egngu2m971bdv4heg1&timeid=1231801200"}}},{"_index":"de_content_201410","_type":"resourceQ","_id":"http://hlstatsx.stachi.de/hlstats.php?mode=search&q=smile+%3ab+team%3f&st=player","_score":1.0, "_source" : {"body":" HLstatsX by stachi.de » HLstatsX » Search Style: Default Classic Electro 1337 Light Blue Light Grey Murd4candy Nom Nom Nom Plain White Psychonic Red Riot Tsgk Black Ua Styles    Find a Player or Clan Search For: In: Player Names PlayerUnique IDs Clan Names Game: (All) Counter-Strike: Global Offensive Counter-Strike: Source    Search Results ID Player  Game 63,213   smile :b team? Counter-Strike: Source Search results: 1 items matching You are currently viewing the basic version of this page, please enable JavaScript and reload the page to access full functionality. Generated in real-time by HLstatsX Community Edition 1.6.19 Executed 8 queries, generated this page in 1.9297 Seconds All images are copyrighted by their respective owners. [ Admin] ","title":"\nHLstatsX by stachi.de - Search\t","desc":null,"details":{"length":755,"language":"en","date":"2014/10/31 16:18:40","type":"application/xhtml+xml","country":""},"crawling":{"duration":"1","date":"2014/10/31 16:18:40"},"metas":[{"name":"viewport","value":"initial-scale=1.0, user-scalable=no"}],"uri":{"protocol":"http","domain":"de.stachi.hlstatsx.","url":"http://hlstatsx.stachi.de/hlstats.php?mode=search&q=smile+%3ab+team%3f&st=player"}}},{"_index":"de_content_201410","_type":"resourceQ","_id":"http://yamaha-xmax.de/forum/showthread.php?pid=18791&tid=2301","_score":1.0, "_source" : {"body":" Suche Gallery Mitgliederliste Hilfe Es ist: 06.07.2014, 08:12 Hallo, Gast! ( Anmelden — Registrieren) Yamaha X-MAX Forum / Allgemeines / Klönschnack / erster crash    Forenregeln  |  9. X-Max Treffen - xx. bis xx. Juni 2015  |  Foren-Poloshirt Bestellinfo Seiten (2): 1 2 Weiter »     Themabewertung: 0 Bewertungen - 0 im Durchschnitt 1 2 3 4 5 Baumstrukturmodus | Linearer Modus erster crash 24.05.2012, 08:45 Beitrag: #1 gernbiker Registriert seit: May 2012 maximilian X-Max 125 (V2) Kilometer: 2000   erster crash hallo an alle. erstmal möcht ich ein großes lob für dieses forum loswerden. es hat mir bei der entscheidung des einstiegs in die motorradwelt im 125er bereich große dienste geleistet, sodass ich mich schlussendlich für den x max entschied, das ich bis heute nicht bereue. hab jetzt ca 2000 km gespult..den ersten service hinter mir (kosten..125â‚¬) und keine einzige beanstandung zu melden. fahre sehr oft mit sozius und kann sagen, die leistung ist hervorragend. natürlich kann man von 125ccm auf den berg nicht allzuviel erwarten, aber wenn ich mir die raser so ansehe, muss ich sagen, mit der gemütlichkeit erweitert sich der horizont. leider hatte ich vor einigen tagen meinen ersten crash, der aber nicht meine schuld war. fuhr einem plötzlich einbiegendem auto auf der seite rein. gut, dass es kein richtiger sturz war, sondern nur ein etwas heftiger \"handkuss\". die vordere verkleidung hat einige kratzer abbekommen und wie es technisch aussieht wird erst die inspektion erweisen. hoffe, dass es keine materialschäden in der karosserie gibt, weil fahren ohne irgendwelche auffälligkeiten möglich ist. naja..ist ja eh versicherungssache...aber trotzdem tuts weh, ein 2 monate junges gerät zu verletzen. viele grüsse erstmal und...wie gesagt...bin ganz begeistert von euch. 24.05.2012, 15:13 Beitrag: #2 overgamer Unregistered   RE: erster crash Gut ist dir nichts passiert. Immer wieder diese einbiegende Autofahrern Schon 3 mal fast hätte ich das gleiche wie du erlebt aber der Crash wäre dann mit 50km/h gewsen... zum glück wurde es knapp... verstehe nicht warum Autofahrern uns zum teil als nicht vollwertige Verkehrsteilnehmer wahrnehmen und einbiegen und ich dann bremsen muss... oder Spurwechsel ohne schulterblick naja, gute Besserung deinem Mäxxchen :D und dir :D 24.05.2012, 18:51 Beitrag: #3 gernbiker Registriert seit: May 2012 maximilian X-Max 125 (V2) Kilometer: 2000   RE: erster crash danke ...overgamer...ja, bei 50 kmh schaut die sache dann schon anders aus. man lernt daraus, dass man noch defensiver fahren muss, weil einem das blech rundherum fehlt. mir fällt auf, das viele wirkliche max`s einen x max fahren. kann gar nicht sagen, ob ich mich dadurch beeinflussen ließ...aber das unterbewusstsein spielt bekanntlich auch ein wenig mit so...mein händler wird alles mit der versicherung regeln und in 2 -3 wochen hol ich meinen \" neuen\" maxl (mit getauschten verkleidungen) mit entzugserscheinungen freudestrahlend wieder ab. wünsche allen unfallfreie und erfüllende ausfahrt. 24.05.2012, 20:10 Beitrag: #4 bine Unregistered   RE: erster crash Hi gernbiker, gut das dir nichts passiert ist. Sachschäden lassen sich reparieren. Ärgerlich ists trotzdem. Hast du ein Ersatzfahrzeug bekommen ? Wenn ich so zurückdenke gabs da einige Beinaheunfälle in den letzten 30 Jahren. Fast ausschliesslich durch übersehen werden. Es gab auch auch andere Situationen durch Rücksichtslosigkeit dem Zweiradfahrer gegenüber. So erinnere ich mich an einige Ereignisse auf der BAB wo ich durch schnellere KFZ gefährlich abgedrängt wurde. Ich bemühe mich immer den Verkehr nicht zu behindern. Aber wenn ich ein FZ mit 120 km/h überhole welches 100 fährt und mich gleichzeitig ein schnelleres Fz mit 160 auf dem Grünstreifen neben der Mittelleitplanke überholt, wo eigentlich schon kein PLatz mehr ist und fast meinen Ellenbogen mitnimmt danke ich Gott noch am Leben zu sein. Ja, es ist immer noch gefährlich mit dem Zweirad unterwegs zu sein. Soll jetzt nicht heissen das alle Zweiradfahrer Engel sind , nein, aber wir leben gefährlicher. Passt auf euch auf. Liebe Grüsse, Bine 25.05.2012, 17:44 Beitrag: #5 gernbiker Registriert seit: May 2012 maximilian X-Max 125 (V2) Kilometer: 2000   RE: erster crash bine...auf der bab zu fahren unterlass ich mal lieber. schätze, dass du dich mit deiner 250er wesentlich sicherer fühlst. heute schock...lenkerin des gegenfahrzeugs fordert von meiner versicherung reparaturkosten. bin ganz baff..war aus meiner sicht alles eindeutig. werd jetzt mal die situation erklären: im stadtgebiet unterwegs...auto vor mir zeigt mittels blinker ihre absicht, links zu parkplatz einzubiegen. ob sie noch schritttempo hatte oder bereits stand kann ich mit sicherheit nicht mehr sagen. jedenfalls wollte ich rechts vorbeifahren, plötzlich überlegt sie sich einen platz rechts der fahrbahn zu belegen. da ich mit dem wechsel nicht rechnete und ich auch nicht so schnell mehr reagieren konnte fuhr ich ihr seitlich rein. also mein hausverstand sagt, wenn ich schon von links auf rechts wechsle, muss ich mich schon mit rückblick versichern, ob was kommt. viell.kann mir wer von euch sagen, ob ich was falsch gemacht habe. bin echt angfressen viele grüße an all 25.05.2012, 19:13 Beitrag: #6 overgamer Unregistered   RE: erster crash Hast du ne rechtsschutz-Versicherung? (im Bereich Verkehr) 25.05.2012, 20:46 Beitrag: #7 bine Unregistered   RE: erster crash (25.05.2012 17:44)gernbiker schrieb:  also mein hausverstand sagt, wenn ich schon von links auf rechts wechsle, muss ich mich schon mit rückblick versichern, ob was kommt. Richtig, würde ich auch erst mal so sehen. War die Straße einspurig ? Dann hättest du theoretisch nicht rechts überholen dürfen. Ich weiss , tun wir alle. Trotzdem hätte die Fahrerin darauf zu achten den Rückwärtigen Verkehr durch ihre Blinkaktion nicht zu verunsichern und sich zu vergewissern das durch ihre plötzliche Umentscheidung keiner gefährdet wird. Daher glaube ich das du um eine Teilschuld nicht herum kommst. Gruß Bine 26.05.2012, 06:31 Beitrag: #8 gernbiker Registriert seit: May 2012 maximilian X-Max 125 (V2) Kilometer: 2000   RE: erster crash gernbiker...leider bin ich nicht rechtsschutzversichert. bine....in unseren gesetzen steht zwar, dass das rechts vorbeifahren an links abbiegenden fahrzeugen erlaubt ist (auch bei nur einer fahrspur), aber unter den gleichen voraussetzungen eines sicherheitsabstandes wie beim überholen. naja..die versicherungen werden schon was finden, um sich vor einer zahlung zu drücken. werd jetzt auf die uni gehn, um ein jus studium zu beginnen...erst dann bin ich gerüstet genug, um im stvo und paragraphendschungel mitzumischen (scherz) herzliche grüße aus österreich...und passt auf euch auf. 26.05.2012, 08:43 Beitrag: #9 broesel Rollator Registriert seit: Jun 2009 Klaus X-Max 250 (V1) Kilometer: 25555   RE: erster crash Hallo Gernbiker Habe auch so meine Erfahrungen mit dem Thema gemacht inklusive Krankenhausaufentalt und sehe das so: Lass Dir von niemandem ein versuchtes rechts überholen einreden. Da der Blinker beim Vordermann (Frau) im Spiel war handelt es sich um vorbeifahren! Rechtsüberholen ist fast immer verboten. Da zum Glück kein Personenschaden entstanden ist brauchst Du normalerweise auch keinen Rechtschutz wegen der Schmerzensgeldansprüche. Da jeder mit Fehlverhalten der anderen rechnen muss u.s.w. bla bla..... bleibt also Teilschuld. Jede Versicherung bezahlt die Schäden des Anderen und Du wirst wohl hochgestuft. Das ist ja kein Weltuntergang (der kommt erst im Dezember) Also den Unfall Deiner Versicherung melden und gelassen abwarten. Kopf hoch! Es ist nie zu spät für eine glückliche Kindheit. 26.05.2012, 14:59 Beitrag: #10 gernbiker Registriert seit: May 2012 maximilian X-Max 125 (V2) Kilometer: 2000   RE: erster crash hallo broesel da bin ich ja wirkl. gespannt auf deine prognose des weltunterganges. aber meinen maxl nehm ich mir mit rauf zu petrus . bin auch deiner meinung, dass es unter \"vorbeifahren\" fällt. ach so...bisher dachte ich, bei einer teilschuld bleibt jeder auf seinem eigenen schaden sitzen. wußte nicht, dass jeweils die gegnerische versicherung den schaden bezahlt. naja..wenns so ist, wird mein maxl doch verarztet. g.s.d. gibt es bei einspurigen kein bonus malus system (weiss nicht, obs bei euch anders ist). vielen dank noch für deinen kommentar und alles gute on the road. 28.05.2012, 00:13 Beitrag: #11 broesel Rollator Registriert seit: Jun 2009 Klaus X-Max 250 (V1) Kilometer: 25555   RE: erster crash Sehe gerade Du kommst aus Graz....... Ob das im schönen Österreich genauso funktioniert wie in Deutschland kann ich Dir nicht sagen. Aber wenn eine KFZ-Versicherung nicht für Schäden am Unfallgegner aufkommt, wozu braucht man sie dann??? Ich würde an Deiner Stelle mal mit Deiner Versicherung telefonieren und mich schlau machen. Grüsse aus dem Allgäu Es ist nie zu spät für eine glückliche Kindheit. 30.05.2012, 18:49 Beitrag: #12 sokrates Registriert seit: Aug 2010 Dietmar X-Max 250 (V1) Kilometer: 29000   RE: erster crash Hallo, nur mal so ein Hinweis: du schreibst \"seitlich reingefahren\" ... bei einem Anstoss mit dem Vorderreifen wäre dieser auch zu Wechseln! Einen Reifenschaden könnte man nur durch Röntgen feststellen, was natürlich bei einem 60-EUR-Reifen keiner macht. Und auf'm Moped/Roller hat man nunmal auch nur zwei Reifen. Ansonsten ist nur durch Vermessen festzustellen, ob auch die Gabel was abbekommen hat. Mir war das bis vor kurzem auch nicht so bewußt; wurde aber von meinem Freundlichen drauf hingewiesen - worüber ich auch relativ dankbar war. Gruß Dietmar 31.05.2012, 09:17 Beitrag: #13 gernbiker Registriert seit: May 2012 maximilian X-Max 125 (V2) Kilometer: 2000   RE: erster crash hallo all das gutachten meiner werkstätte hat ergeben: 2 plastikteile austauschen..inkl.arbeitszeit ..810â‚¬ !!! sokrates...lt. begutachtung keine karosserie od.reifenschäden. so..jetzt beginnt erst der kampf, um meine unschuld zu beweisen, da die gegnerische versicherung die sache nicht so eindeutig sieht wie ich. wenn mir wieder mal sowas passiert...polizei einbeziehn (trotz 36â‚¬ kosten fürn einsatz). mich nimmt die ganze sache ziemlich her..nicht wegen des überschaubaren finanziellen verlustes, sondern wegen der ungerechten abwicklung, bei der wieder mal deutlich wird, dass bessersituierte kapitalisten sich in form von zb. rechtsschutzversicherungen (die ich mir leider nicht leisten kann) ihr recht einfach erkaufen. aber das wort \"recht\" hat eben seine 2 seiten. liebe freunde, aktuelle ereignisse werde ich euch übermitteln, viell. kann der eine od. andere davon profitieren. bis bald u. alles gute 05.06.2012, 18:38 Beitrag: #14 gernbiker Registriert seit: May 2012 maximilian X-Max 125 (V2) Kilometer: 2000   RE: erster crash hallo an alle es ist schon eigenartig, was aus einer relativ klaren sache werden kann. die unfallgegnerin bestreitet den linksblinker und schildert ihrer versicherung bzw.ihren anwalt, dem sie die sache in die hand gab, das sie verwundert gewesen wäre, warum ich beim rechtsblinkendem fahrzeug vorbeifahre. lt.juristischer auskunft besteht meine chance darin, meiner versicherung klarzumachen, ja nicht den schaden des gegners zu bezahlen. hab das auch schon in die wege geleitet. bin neugierig, ob sich meine versicherung bei aussage gegen aussage auf einen streifall einlässt. naja...man kanns nur hoffen. und einen rechtsschutz werd ich mir ganz gewiss zulegen. mein tip an euch: lasst euch nicht mit mündlichen schuldbekenntnissen abfertigen, denn nächsten tag schaut alles anders aus. sichert euch noch am unfallort klarheit und eindeutigkeit. all the best 05.06.2012, 19:03 Beitrag: #15 overgamer Unregistered   RE: erster crash (05.06.2012 18:38)gernbiker schrieb:  hallo an alle es ist schon eigenartig, was aus einer relativ klaren sache werden kann. die unfallgegnerin bestreitet den linksblinker und schildert ihrer versicherung bzw.ihren anwalt, dem sie die sache in die hand gab, das sie verwundert gewesen wäre, warum ich beim rechtsblinkendem fahrzeug vorbeifahre. lt.juristischer auskunft besteht meine chance darin, meiner versicherung klarzumachen, ja nicht den schaden des gegners zu bezahlen. hab das auch schon in die wege geleitet. bin neugierig, ob sich meine versicherung bei aussage gegen aussage auf einen streifall einlässt. naja...man kanns nur hoffen. und einen rechtsschutz werd ich mir ganz gewiss zulegen. mein tip an euch: lasst euch nicht mit mündlichen schuldbekenntnissen abfertigen, denn nächsten tag schaut alles anders aus. sichert euch noch am unfallort klarheit und eindeutigkeit. all the best Die wills einfach nicht eingestehen Ja, Unfallprotokoll ausfüllen wäre immer gut. Gilt aber nicht als eingeständnis. Sie kann paar Tage später immer noch behaupten du seist schuld. Und betreffend dem Rechtsschutz: Mein Berater hat mir Sie wärmstens empfohlen. Er hat mir erzählt er schliesst mehr Rechtsschutzversicherungen ab als sonst was. Heutzutage rennt jeder mit so einer rum, und bei jedem streitfall stehen die mit dem Anwalt da. Bei mir kostet Sie CHF 50.-- pro Jahr, was 40 Euro macht. Dafür hast du in so einem Fall ein Anwalt zur Verfügung. Bezahlt bis zu einer halben Million. Hoffe es kommt alles gut. Gab es keine Zeugen, die sagen können, dass Sie links geblinkt hat? « Ein Thema zurück | Ein Thema vor » Seiten (2): 1 2 Weiter »   Druckversion anzeigen Thema einem Freund senden Thema abonnieren Gehe zu: Bitte wähle: -------------------- Private Nachrichten Benutzer Control-Panel Wer ist online? Suche Forenstartseite In eigener Sache -- Ankündigungen + News + Informationen -- Regeln + Grundlagen Allgemeines -- Klönschnack -- Bekleidung + Helm -- Umfragen -- Verbesserungen + Vorschläge -- Weitere Rollerforen X-Max global (125 + 250 + 400 ccm) -- Dies und Das -- Fahrwerk + Bremsen -- Karosserie + Design -- Probleme -- Tipps + Tricks -- Zubehör -- Kleinanzeigen BIETE ---- Fahrzeuge ---- Fahrzeugteile und -zubehör ---- Bekleidung und Helme -- Kleinanzeigen SUCHE ---- Fahrzeuge ---- Fahrzeugteile und -zubehör ---- Bekleidung und Helme X-Max 125 ccm -- Dies und Das -- Fahrleistungen -- Inspektion + Service -- Motor + Antrieb -- Probleme -- Tipps + Tricks X-Max 250 ccm -- Dies und Das -- Fahrleistungen -- Inspektion + Service -- Motor + Antrieb -- Probleme -- Tipps + Tricks X-Max 400 ccm -- Dies und Das -- Fahrleistungen -- Inspektion + Service -- Motor + Antrieb -- Probleme -- Tipps + Tricks Kontakt -- Glückwünsche -- Treffen + Ausfahrten -- Vorstellung Mitglieder Kontakt | Yamaha X-MAX | Nach oben | Zum Inhalt | Archiv-Modus | RSS-Synchronisation | Deutsche Übersetzung: MyBBoard.de, Powered by MyBB, © 2002-2014 MyBB Group. ","title":"erster crash","desc":null,"details":{"length":14651,"language":"de","date":"2014/10/31 16:18:41","type":"application/xhtml+xml","country":""},"crawling":{"duration":"1","date":"2014/10/31 16:18:41"},"metas":[],"uri":{"protocol":"http","domain":"de.yamaha-xmax.","url":"http://yamaha-xmax.de/forum/showthread.php?pid=18791&tid=2301"}}},{"_index":"de_content_201410","_type":"resourceQ","_id":"http://graf-bauzentrum.de/shop_item_detail.php?shopitemid=12111","_score":1.0, "_source" : {"body":" Alles aus einer Hand - zum Bauen, Wohnen, Renovieren und Modernisieren Ihr Warenkorb: 0 Artikel = 0, 00 € Artikel nach Kategorien Sonderangebote Alles für den Haushalt Bauen und Renovieren Wasserleitungssysteme Balkon-, Haus- und Kellerabläufe HT-Rohrsystem Kaltwasserleitung - Lieferant Marley- Carports und Auto-Zubehör Elektro- und Sicherheitstechnik Gartenwelt Holz und Zäune Kaminöfen/Pelletöfen Markisen Maschinen und Werkzeuge Sanitär- und Badprodukte Sauna Spielwaren Artikel nach Herstellern Service und Infos Warenkorb & Bestellen Graf Bauzentrum »Über uns »Baumarkt »Baustoffe »Sägewerk »Transportbeton »Partner Informationen & Mehr »Produktinformationen »Angebote & Prospekte »Veranstaltungen »Newsletter »Kontakt Shop » Detailansicht HTB Bogen 45° Kategorie: Bauen und Renovieren » Wasserleitungssysteme » HT-Rohrsystem HTB Bogen 45° Nr.: 091334 Artikel-Nr.: 827176 Hersteller: Marley Deutschland GmbH Preis: 0,89 €    0, 80 € -10% Onlinerabatt Bestellmenge:   Detailbeschreibung HTB Bogen 45° DN 50 « Weitere Artikel in der Kategorie HT-Rohrsystem anschauen » alle anzeigenWeitere interessante Artikel von \"Marley Deutschland GmbH\" Fallrohr 1m, DN75  i » Details & Bestellinfos « Preis: -10% 4, 04 € Bestellmenge: HTEM Rohre mit Steckmuffe 150 mm  i » Details & Bestellinfos « Preis: -10% 0, 86 € Bestellmenge: Speier DN53  i » Details & Bestellinfos « Preis: -10% 9, 17 € Bestellmenge: Ihr Weg zu uns Graf Bauzentrum Calwer Straße 119 72202 Nagold » Anfahrtsskizze Kontakt Tel: 07452 / 6000-0 Fax: 07452 / 6000-50 » E-Mail Anfrage » Kontaktformular Service » Bestellinfos » Hilfe zum Shop » Newsletter » Impressum ","title":"Graf Bauzentrum - Shop » Detailansicht HTB Bogen 45°","desc":"Graf Baustoffe: Wir bieten Ihnen in unserem 2000 qm großen Baumarkt alles für ihr Haus. Infos über unser Sägewerk, Betonwerk, Abbundwerk und unseren Baustoffhandel finden Sie hier.","details":{"length":1630,"language":"de","date":"2014/10/31 16:18:40","type":"text/html","country":""},"crawling":{"duration":"1","date":"2014/10/31 16:18:40"},"metas":[{"name":"description","value":"Graf Baustoffe: Wir bieten Ihnen in unserem 2000 qm großen Baumarkt alles für ihr Haus. Infos über unser Sägewerk, Betonwerk, Abbundwerk und unseren Baustoffhandel finden Sie hier."},{"name":"author","value":"Michael Graf, http://www.michaelgraf.de"},{"name":"keywords","value":"Baumarkt, Graf, Nagold, Sägewerk, Baustoff, Lager, Betonwerk, Sauna, Abbund, Bau, Handwerk, Angebot, Holz, Sanitär, Baustelle, Haus"}],"uri":{"protocol":"http","domain":"de.graf-bauzentrum.","url":"http://graf-bauzentrum.de/shop_item_detail.php?shopitemid=12111"}}},{"_index":"de_content_201410","_type":"resourceQ","_id":"http://helltrain-fiesta.de/forum/index.php/team/?s=00ccd3a349dffe52feb53b5655d0cd64f10e7402","_score":1.0, "_source" : {"body":" Anmelden oder registrieren Benutzername oder E-Mail-Adresse Sind Sie bereits registriert? Nein, ich möchte mich jetzt registrieren. Ja, mein Kennwort lautet: Kennwort Dauerhaft angemeldet bleiben Kennwort vergessen Nur Betreff durchsuchen Ergebnisse als Themen anzeigen Erweiterte Suche News Archiv Ungelesene News Abonnierte Kategorien Forum Ungelesene Beiträge Unerledigte Themen Über uns Regeln Mitglieder ~HellTrain~ ~HellTrain~ Team Mitgliedersuche Abwesenheiten TeamSpeak News Forum Über uns Regeln Mitglieder ~HellTrain~ ~HellTrain~ Team Mitgliedersuche Abwesenheiten TeamSpeak ~HellTrain~ ~HellTrain~ Team Mitgliedersuche Abwesenheiten Zum Seitenende Schnellnavigation ~HellTrain~ Forum » Mitglieder » ~HellTrain~ Team Meister 1 labi Regenbogengoldsucher Mitglied seit 20. September 2011 Beiträge 2.330 Kalender 1 Erhaltene Likes 34 Punkte 14.054 Admin 4 SeCuRiTaS Ò_ó Männlich 25 aus Dortmund Mitglied seit 25. August 2011 Website Beiträge 3.380 Kalender 1 Erhaltene Likes 33 Punkte 19.753 Mace HT-Urgestein Männlich 29 aus Wilster Mitglied seit 17. Januar 2011 Beiträge 1.470 Kalender 12 Erhaltene Likes 38 Punkte 8.928 LadyLana Ten´s Tagebuch <3 Mitglied seit 9. Januar 2013 Beiträge 402 Kalender 3 Erhaltene Likes 27 Punkte 2.222 Estrellita Admin Weiblich aus Frankfurt am Main Mitglied seit 1. April 2013 Beiträge 249 Erhaltene Likes 27 Punkte 1.397 Forum Team 4 SeCuRiTaS Ò_ó Männlich 25 aus Dortmund Mitglied seit 25. August 2011 Website Beiträge 3.380 Kalender 1 Erhaltene Likes 33 Punkte 19.753 Nymir Krokodieselfuß Mitglied seit 1. Oktober 2013 Beiträge 293 Erhaltene Likes 23 Punkte 1.538 xLunii Fieesch Weiblich 16 aus Köln Mitglied seit 16. Oktober 2013 Beiträge 134 Kalender 1 Erhaltene Likes 7 Punkte 717 YamYam Forum Team Männlich 17 aus NRW Mitglied seit 8. Januar 2014 Beiträge 124 Kalender 2 Erhaltene Likes 11 Punkte 696 Akademie Team 3 sahneschnitte Das Gildenschnitzel XD Weiblich 114 aus bei Hameln Mitglied seit 6. Mai 2012 Beiträge 923 Kalender 3 Erhaltene Likes 30 Punkte 5.230 LadyLana Ten´s Tagebuch <3 Mitglied seit 9. Januar 2013 Beiträge 402 Kalender 3 Erhaltene Likes 27 Punkte 2.222 Estrellita Admin Weiblich aus Frankfurt am Main Mitglied seit 1. April 2013 Beiträge 249 Erhaltene Likes 27 Punkte 1.397 Event Team 1 Chaoszbaerchen Baerchen / Chaosz Männlich 26 aus Rostock Mitglied seit 26. März 2013 Beiträge 572 Kalender 2 Erhaltene Likes 30 Punkte 3.355 ~HellTrain~ Forum » Mitglieder » Neueste Mitglieder Chiller 24. Juni 2014, 16:51 Cadance 25. Mai 2014, 20:33 Planet 8. Mai 2014, 20:56 Jan/xEvasion 8. Mai 2014, 17:53 Gildon 4. Mai 2014, 18:30 Aktivste Mitglieder Höllenzug 27.022 Punkte SeCuRiTaS 19.753 Punkte labi 14.054 Punkte Mace 8.928 Punkte Eiwo 5.938 Punkte Bündnisgilden Fiesta Item Shop Kontakt Gästebuch Umfragen Zum Seitenanfang 6. Juli 2014, 00:39 Forensoftware: Burning Board®, entwickelt von WoltLab® GmbH Design by rpb-web.net ","title":"~HellTrain~ Team - ~HellTrain~ Forum","desc":null,"details":{"length":2893,"language":"de","date":"2014/10/31 16:18:41","type":"text/html","country":""},"crawling":{"duration":"1","date":"2014/10/31 16:18:41"},"metas":[{"name":"viewport","value":"width=device-width, initial-scale=1"},{"name":"format-detection","value":"telephone=no"},{"name":"description","value":""},{"name":"keywords","value":""},{"name":"og:site_name","value":"~HellTrain~ Forum"}],"uri":{"protocol":"http","domain":"de.helltrain-fiesta.","url":"http://helltrain-fiesta.de/forum/index.php/team/?s=00ccd3a349dffe52feb53b5655d0cd64f10e7402"}}},{"_index":"de_content_201410","_type":"resourceQ","_id":"http://rentenhandel.de/sites/gensite.asp?art=039&sid=cms220620141327184474450","_score":1.0, "_source" : {"body":" Sprache: Deutsch English Search: About us Team Clients Products Services Contact Deposit insurance Data privacy »  Start page » Security   Security Deposit insurance Read more » Data privacy Read more »   Print Contact    top Contact    : GTC    : Security    : Corporate : Accesskeys barrier-free Sitemap BANK SCHILLING & CO - Aktiengesellschaft Am Marktplatz 10 | 97762  Hammelburg | Tel.: 0 97 32 / 90 4 - 0 | ","title":"RENTENHANDEL.DE / Online-Informationssystem","desc":"Wir begrüßen Sie auf den Internetseiten der Privatbank BANK SCHILLING.","details":{"length":414,"language":"en","date":"2014/10/31 16:18:41","type":"text/html","country":""},"crawling":{"duration":"1","date":"2014/10/31 16:18:41"},"metas":[{"name":"keywords","value":"Bond, Pfandbrief, Corporate, Fixed Income, Anleihe, Rendite, Festverzinlich, Renten, Genussscheine, Wertpapier"},{"name":"description","value":"Wir begrüßen Sie auf den Internetseiten der Privatbank BANK SCHILLING."},{"name":"Robots","value":"index, follow"},{"name":"revisit-after","value":"10 days"},{"name":"DC.Title","value":"RENTENHANDEL.DE / Online-Informationssystem"},{"name":"DC.Description","value":"Wir begrüßen Sie auf den Internetseiten der Privatbank BANK SCHILLING."},{"name":"DC.Identifier","value":"www.rentenhandel.de"},{"name":"MSSmartTagsPreventParsing","value":"TRUE"}],"uri":{"protocol":"http","domain":"de.rentenhandel.","url":"http://rentenhandel.de/sites/gensite.asp?art=039&sid=cms220620141327184474450"}}},{"_index":"de_content_201410","_type":"resourceQ","_id":"http://triforceseekers.de/viewforum.php?f=58&sid=3315aae1ad527c959c5ac003bd1ff982","_score":1.0, "_source" : {"body":"    Allgemeines Moderatoren: Keine Benutzer in diesem Forum: Keine     Triforce Seekers Foren-Übersicht -> Allgemeines Alle Themen als gelesen markieren  Themen   Antworten   Autor   Aufrufe   Letzter Beitrag  [Umfrage] Eure Skyward Sword-Bewertung in Schulnoten 0 Fumio 630 02.10.2012, 22:08 Fumio SS Post-Beat Thread (Major Spoilers!!!) [ Gehe zu Seite: 1, 2, 3 ] 40 The Rock 4654 18.02.2012, 05:40 Hollow Specter Fliegende bunte Eichhoernchen 7 Hollow Specter 871 17.01.2012, 19:49 Kafei SS Post-Release Thread - Das beste Zelda aller Zeiten? [ Gehe zu Seite: 1, 2, 3 ] 44 Kafei 4237 06.01.2012, 20:44 Lei Nados Hero Mode 11 Hollow Specter 1282 05.01.2012, 04:00 The Rock Tricks, Tipps und Eastereggs 11 Hollow Specter 1720 05.12.2011, 18:57 Lei Nados Skyward Sword Pre-Release Thread [ Gehe zu Seite: 1 ... 15, 16, 17 ] 252 Girodu 18634 04.12.2011, 17:49 Kafei Schrift in Skyward Sword 1 Kafei 1069 22.11.2011, 20:52 Hollow Specter Siehe Beiträge der letzten:  Alle Themen anzeigen 1 Tag 7 Tage 2 Wochen 1 Monat 3 Monate 6 Monate 1 Jahr      Triforce Seekers Foren-Übersicht -> Allgemeines Alle Zeiten sind GMT + 1 Stunde Seite 1 von 1 Gehe zu:  Forum auswählen   Triforce Seekers ---------------- Triforce Seekers News Vorstellung   Ocarina of Time ---------------- Codes Beta Bugs Debug Rom und Hacks Anderes   Twilight Princess ---------------- Allgemeines Bugs   Skyward Sword ---------------- Allgemeines Bugs   Phantom Hourglass / Spirit Tracks ---------------- Allgemeines Bugs   Andere Zelda Games ---------------- Allgemeines Bugs Majoras Mask   Gaming ---------------- Nintendo plattformübergreifend Nintendo Wii U Nintendo 3DS Nintendo Wii Xbox und PlayStation Pokemon Super Smash Brothers Bugs Eastereggs Reviews / Previews Anderes   Sonstiges ---------------- Off Topic Let's Plays User helfen Usern Userblogs Papierkorb   Ausrangiert ---------------- Regeln Videogame News GFX Allgemeines Verbesserungsvorschläge und Bug Report Andere Konsolen Tutorials und Downloads Forenspiele   Neue Beiträge    Keine neuen Beiträge Wichtig Neue Beiträge [ Gesperrt ]    Keine neuen Beiträge [ Gesperrt ] Du kannst keine Beiträge in dieses Forum schreiben. Du kannst auf Beiträge in diesem Forum nicht antworten. Du kannst deine Beiträge in diesem Forum nicht bearbeiten. Du kannst deine Beiträge in diesem Forum nicht löschen. Du kannst an Umfragen in diesem Forum nicht mitmachen. Copyrighted 2006 by Triforce Seekers | Impressum phpBB © 2001, 2005 phpBB Group Deutsche Übersetzung von phpBB.de ","title":"Triforce Seekers :: Forum anzeigen - Allgemeines","desc":null,"details":{"length":2502,"language":"de","date":"2014/10/31 16:18:39","type":"text/html","country":""},"crawling":{"duration":"1","date":"2014/10/31 16:18:39"},"metas":[],"uri":{"protocol":"http","domain":"de.triforceseekers.","url":"http://triforceseekers.de/viewforum.php?f=58&sid=3315aae1ad527c959c5ac003bd1ff982"}}},{"_index":"de_content_201410","_type":"resourceQ","_id":"http://kunstkarten-verlag.de/shop/artikelueber.php?sid=32bf6cc39cdc08619ea18cd4d081e84c&wgruppe_offen=696&wgruppeid=696","_score":1.0, "_source" : {"body":" Anmelden   Registrieren » Zum Warenkorb € 0.00   0 Artikel   Anmelden Kundennummer + PLZ Kundennummer: PLZ:   Registrieren Produkte 1 Kunstkarten 2 Doppelkarten 3 Religion 6. Drucke + Kalender 7. Buecher 8. Spiele 9. Sonstiges Links Impressum AGB Kontakt Sie sind hier: Home 1 Kunstkarten 4. Künstler Toulouse-Lautrec, Henri de Artikelübersicht 225538 Toulouse-Lautrec. Zwei Freundinnen Kunstkarte, 10,5 x 14,8 cm Details 1.10 € inkl. MwSt. zzgl. Versandkosten Anzahl:   682895 Toulouse-Lautrec. Zirkus Fernando: Die Reiterin, 1888. KK Kunstkarte, 10,5 x 14,8 cm Details 1.10 € inkl. MwSt. zzgl. Versandkosten Anzahl:   681818 Toulouse-Lautrec. Yvette Guilbert singt, 1894. KK Kunstkarte, 10,5 x 14,8 cm Details 1.10 € inkl. MwSt. zzgl. Versandkosten Anzahl:   682897 Toulouse-Lautrec. Tristan Bernard im Buffalo-Sta., 1895. KK Kunstkarte, 10,5 x 14,8 cm Details 1.10 € inkl. MwSt. zzgl. Versandkosten Anzahl:   681816 Toulouse-Lautrec. Spanische Tänzerin, 1888 Kunstkarte, 10,5 x 14,8 cm Details 1.10 € inkl. MwSt. zzgl. Versandkosten Anzahl:   682893 Toulouse-Lautrec. Im Moulin Rouge: Der Tanz, 1890. KK Kunstkarte, 10,5 x 14,8 cm Details 1.10 € inkl. MwSt. zzgl. Versandkosten Anzahl:   682892 Toulouse-Lautrec. Im Moulin Rouge, 1892 Kunstkarte, 10,5 x 14,8 cm Details 1.10 € inkl. MwSt. zzgl. Versandkosten Anzahl:   682907 Toulouse-Lautrec. Gräfin A. de Toulouse-Lautrec im S.., 1887 Kunstkarte, 10,5 x 14,8 cm Details 1.10 € inkl. MwSt. zzgl. Versandkosten Anzahl:   682906 Toulouse-Lautrec. Fräulein May Beifort, 1895 Kunstkarte, 10,5 x 14,8 cm Details 1.10 € inkl. MwSt. zzgl. Versandkosten Anzahl:   681813 Toulouse-Lautrec. Die Loge im Mascaron Doré, 1894. KK Kunstkarte, 10,5 x 14,8 cm Details 1.10 € inkl. MwSt. zzgl. Versandkosten Anzahl:   682902 Toulouse-Lautrec. Die Goulue betritt das Moulin Rouge, 1892 Kunstkarte, 10,5 x 14,8 cm Details 1.10 € inkl. MwSt. zzgl. Versandkosten Anzahl:   681819 Toulouse-Lautrec. Der Jockey. KK Kunstkarte, 10,5 x 14,8 cm Details 1.10 € inkl. MwSt. zzgl. Versandkosten Anzahl:   681814 Toulouse-Lautrec. Das Bett, um 1892. KK Kunstkarte, 10,5 x 14,8 cm Details 1.10 € inkl. MwSt. zzgl. Versandkosten Anzahl:   682908 Toulouse-Lautrec. Bildnis des Herrn Samary, 1889. KK Kunstkarte, 10,5 x 14,8 cm Details 1.10 € inkl. MwSt. zzgl. Versandkosten Anzahl:   682894 Toulouse-Lautrec. Ballet de papa ..., 1892. KK Kunstkarte, 10,5 x 14,8 cm Details 1.10 € inkl. MwSt. zzgl. Versandkosten Anzahl:   681811 Toulouse-Lautrec, Kalesche, 1880. KK Kunstkarte, 10,5 x 14,8 cm Details 1.10 € inkl. MwSt. zzgl. Versandkosten Anzahl:   682910 Henri de Toulouse-Lautrec. Theaterloge, 1896/97 Kunstkarte, 10,5 x 14,8 cm Details 1.10 € inkl. MwSt. zzgl. Versandkosten Anzahl:   682896 Henri de Toulouse-Lautrec. Portrait des Paul Leciecq, 1897 Kunstkarte, 10,5 x 14,8 cm Details 1.10 € inkl. MwSt. zzgl. Versandkosten Anzahl:   682904 Henri de Toulouse-Lautrec. Das Vorspannpferd der Omnibusges. Kunstkarte, 10,5 x 14,8 cm Details 1.10 € inkl. MwSt. zzgl. Versandkosten Anzahl:   Sagro Verlag Versandkostenübersicht Ihr Status: nicht angemeldet Zahlart Preis Inland Preis ins Ausland Gewicht Keine Versandkosten ab 20 € ","title":"Sagro - Verlag: Toulouse-Lautrec, Henri de","desc":null,"details":{"length":3153,"language":"de","date":"2014/10/31 16:18:39","type":"application/xhtml+xml","country":""},"crawling":{"duration":"1","date":"2014/10/31 16:18:39"},"metas":[{"name":"keywords","value":""},{"name":"page-topic","value":""},{"name":"description","value":""},{"name":"robots","value":"index,follow"},{"name":"revisit-after","value":"7 days"},{"name":"audience","value":"all"},{"name":"siteinfo","value":"robots.txt"},{"name":"expires","value":"0"},{"name":"author","value":"Timo Krotzky"}],"uri":{"protocol":"http","domain":"de.kunstkarten-verlag.","url":"http://kunstkarten-verlag.de/shop/artikelueber.php?sid=32bf6cc39cdc08619ea18cd4d081e84c&wgruppe_offen=696&wgruppeid=696"}}},{"_index":"de_content_201410","_type":"resourceQ","_id":"http://dein-larp-shop.de/larp-waffen/langschwerter/gold_11.html?price=95%2c110","_score":1.0, "_source" : {"body":" Service-Hotline +49 941 64 66 14-40 Mo bis Fr 9.00 – 17.00 Uhr +49 941 64 66 14 40 Mo bis Fr 9.00 - 17.00 Uhr Ihr Konto Warenkorb Kasse Login Sprache: DE EN Los Filter Filtern nach: Farbe: Gold Diesen Artikel entfernen Preis 94,99 € - 94,99 € (2) 95,00 € und höher (3) * Neue Produkte * % Sale % LARP - Waffen Unikate Forgotten Dreams Dolche & Kurzschwerter Einhandschwerter Langschwerter Stangenwaffen Hieb- & Schlagwaffen Fernkampf- & Wurfwaffen Selbstbau-Kits Schilde Dark Moon Limited Edition Geschäumte Waffen Rüstzeug Gewandung Schuhe & Stiefel Lizenzprodukte Masken & Schminke Zelte Lagerleben Lederwaren Schmuck ConQuest Bogensport Bücher & Magazine Halloween Basteln & Bauen Zahlung Startseite > LARP - Waffen > Langschwerter Langschwerter Langschwerter 5 Artikel Zeige 8 16 32 pro Seite Sortieren nach: Reihenfolge Name Preis Neu Anzeige: Gitter  Liste  Schaschka 107cm Lieferbarkeit variabel 94,99 € Inkl. 19% MwSt., zzgl. Versandkosten zum Artikel Langschwert Edelmann 110cm Lieferbarkeit variabel 99,99 € Inkl. 19% MwSt., zzgl. Versandkosten zum Artikel Anderthalbhänder Edelmann 129c… Lieferbarkeit variabel 124,99 € Inkl. 19% MwSt., zzgl. Versandkosten zum Artikel Säbel 106cm Lieferbarkeit variabel 99,99 € Inkl. 19% MwSt., zzgl. Versandkosten zum Artikel Langschwert Ewart 105cm Lieferbarkeit variabel 94,99 € Inkl. 19% MwSt., zzgl. Versandkosten zum Artikel 5 Artikel Zeige 8 16 32 pro Seite Sortieren nach: Reihenfolge Name Preis Neu Anzeige: Gitter  Liste          Warenkorb keine Artikel Zum Katalog >> Noch kein Geschenk? Service Kontakt Versandinfo Größentabellen Katalog Sonderanfertigungen Gutschein-Aktion Newsletter Anmelden > Über uns Großhandel   Impressum AGB Widerufsrecht Datenschutz Informationen LARP - Eine Einführung LARP-Waffen Gewandung   Halloween-Kostüme Karneval   Lederpflege Taron´s kleiner LARP-Versand Dein-Larp-Shop Heidtkamp Vertriebs- und Handelsgesellschaft mbH   Lagerstr. 10 93055 Regensburg   Tel .: +49 (0) 941 - 64 66 14 40 Fax : +49 (0) 941 - 64 66 14 39 Service@dein-larp-shop.de © 2013 Heidtkamp Vertriebs- und Handelsgesellschaft mbH ","title":"Langschwerter - LARP - Waffen","desc":"Riesige Auswahl an Larp-Langschwerter, Eineinhalbhänder und Larp-Anderthalbhänder. Zudem auch Zweihandschwerter, Bienhänder und Larp-Claymore.","details":{"length":2093,"language":"de","date":"2014/10/31 16:18:40","type":"application/xhtml+xml","country":""},"crawling":{"duration":"1","date":"2014/10/31 16:18:40"},"metas":[{"name":"description","value":"Riesige Auswahl an Larp-Langschwerter, Eineinhalbhänder und Larp-Anderthalbhänder. Zudem auch Zweihandschwerter, Bienhänder und Larp-Claymore."},{"name":"keywords","value":"Larp-Schwert, Langschwert, Eineinhalbhänder, Anderthalbhänder, Zweihandschwert, Bienhänder, Claymore"},{"name":"robots","value":"INDEX,FOLLOW"}],"uri":{"protocol":"http","domain":"de.dein-larp-shop.","url":"http://dein-larp-shop.de/larp-waffen/langschwerter/gold_11.html?price=95%2c110"}}},{"_index":"de_content_201410","_type":"resourceQ","_id":"http://anzeigerlokal.de/index.php?catid=52%3aranstadt&id=10061%3aauf-knopfdruck-klappern-die-muehlen&itemid=61&option=com_content&view=article","_score":1.0, "_source" : {"body":" En(t)e gut' alles gut Beitrag schreiben Wie geht was? Unsere Regeln Nutzungsbedingungen Impressum Beitrag ausdrucken PDF erstellen per E-Mail senden Bearbeiten         Auf Knopfdruck klappern die MÃ¼hlen Wetteraukreis - Ranstadt Geschrieben von: M. Egloff am: Donnerstag, 19. September 2013 um 22:17 - Gelesen: 2132 mal Wie haben unsere Vorfahren gelebt, wie haben sie gearbeitet?. Einen kleinen Einblick erhielten die Besucher der MÃ¼hlen- Modell- Ausstellung am vergangenen Sonntag. Die MÃ¼hlenmodellbauer in Dauernheim haben seit dem FrÃ¼hjahr 2013 ein neues festes Domizil. Die MÃ¼hlen- Modell- Ausstellung in der Weidgasse 12 in Dauernheim ist jeden ersten Sonntag eines Monats von 13 â€“ 16 Uhr geÃ¶ffnet. Ãœber 40 Exponate sind dort untergebracht, wobei ca. 30 MÃ¼hlenmodelle auch tatsÃ¤chlich funktionieren. Auf Knopfdruck klappert und dreht es sich dann im ganzen Raum. Der Besucher bekommt einen Eindruck von den Erfindungen aus einer Zeit, als MÃ¼hlen die einzigen Maschinen waren. Vieles wird heute noch in der modernen Industrie genutzt. Neben den MÃ¼hlenmodellen werden in den Ausstellungen auch verschiedene Techniken und Arbeitsweisen unserer Vorfahren gezeigt und demonstriert. Feuerstein und Feuerquirl waren vor tausenden von Jahren die Werkzeuge, um Feuer zu machen. Einen Feuer mittels Feuerquirl kann man in der Ausstellungsscheune ebenfalls ausprobieren. Aus diesem Feuerquirl entwickelten sich dann im Laufe der Zeit viele Werkzeuge wie Fiedelbohrer und Drechselmaschinen. Ein etwa 27 cm langer, an beiden Enden nur 2 mm dicker Holzstab (Spindelstab), von unten eine Scheibe (genannt: Wirtel) aus Holz oder Keramik gestÃ¼lpt, die Handspindel, ist schon im 6. JahrhundertÂ  v. Chr nachgewiesen, war wohl das erste Spinnrad in der Menschheitsgeschichte. Im AuÃŸenbereich war eine im 13. Jahrhundert verwendete Wipp- Drechselmaschine aufgebaut, ein Nachbau nach alten PlÃ¤nen und Unterlagen. Diese Drechselmaschine arbeitet mit wechselnder Drehbewegung, welche mit einem Holzpedal und durch eine Holzfeder bewegt wurde. Man konnte sich an dieser Maschine selbst als Drechsler ausprobieren, wenn es auch ganz schÃ¶n in die Beine ging. Alte Techniken und Handwerk, zu sehen in der MÃ¼hlen- Modell- Ausstellung in Dauernheim. Neben den regulÃ¤ren Ã–ffnungszeiten kann fÃ¼r Gruppen, Schulen, KindergÃ¤rten, Betriebe u. aÂ  jederzeit eine FÃ¼hrung bei Manfred Egloff 06041 5284 oder Robert Adam 06035 18518 vereinbart werden. Weitere Infos www.kvdauernheim.de Als Favorit markieren Lesezeichen Als Email versenden Gelesen: 2133 Kommentare (0) RSS feed Kommentare Kommentar schreiben Sie mÃ¼ssen angemeldet sein, um einen Kommentar abzugeben. Bitte registrieren, wenn Sie noch kein Konto haben. Aktualisiert ( Donnerstag, 19. September 2013 um 22:25 )     Kreis GieÃŸen ALLE BEITRÃ„GE ANSEHEN Â» Kreis GieÃŸen Allendorf / Lda. Biebertal Buseck Fernwald GieÃŸen GrÃ¼nberg Heuchelheim Hungen LanggÃ¶ns Laubach Lich Linden Lollar Pohlheim Rabenau Reiskirchen Staufenberg Wettenberg anzeigerlokal Startseite Kreis GieÃŸen Â» Plattform fÃ¼r die Region Â» Werben auf anzeigerlokal.de Â» Profile aller Autoren Â» RSS nach Autoren Â» Gruppenkategorien Â» Terminkalender Â» Mein anzeigerlokal Profil Benutzername Passwort* Jetzt registrieren Â» Sie sind noch kein Autor und mÃ¶chten Artikel schreiben? Registrieren Sie sich schnell und kostenlos. Zugangsdaten vergessen? Anmeldung fÃ¼r Vereine Â» Spezielle Anmeldung fÃ¼r offizielle Vereinsvertreter. Jetzt als Verein registrieren Â» Andere Landkreise Wetteraukreis Wetteraukreis Altenstadt Bad Nauheim Bad Vilbel BÃ¼dingen Butzbach Echzell Florstadt Friedberg Gedern Glauburg Hirzenhain Karben Kefenrod Limeshain MÃ¼nzenberg Nidda Niddatal Ober-MÃ¶rlen Ortenberg Ranstadt Reichelsheim Rockenberg Rosbach v.d. HÃ¶he WÃ¶lfersheim WÃ¶llstadt Vogelsbergkreis Vogelsbergkreis Alsfeld Antrifttal Feldatal Freiensteinau GemÃ¼nden (Felda) Grebenau Grebenhain Herbstein Homberg (Ohm) Kirtorf Lauterbach Lautertal MÃ¼cke Romrod Schlitz Schotten Schwalmtal Ulrichstein Wartenberg Main-Kinzig-Kreis Main-Kinzig-Kreis Bad Orb Bad Soden-SalmÃ¼nster BiebergemÃ¼nd Birstein Brachttal BruchkÃ¶bel Erlensee FlÃ¶rsbachtal Freigericht Gelnhausen GroÃŸkrotzenburg GrÃ¼ndau Hammersbach Hanau Hasselroth Jossgrund Langenselbold Linsengericht Maintal Neuberg Nidderau Niederdorfelden Rodenbach Ronneburg SchlÃ¼chtern SchÃ¶neck Sinntal Steinau an der StraÃŸe WÃ¤chtersbach Hochtaunuskreis Hochtaunuskreis Bad Homburg v. d. HÃ¶he Friedrichsdorf GlashÃ¼tten GrÃ¤venwiesbach KÃ¶nigstein im Taunus Kronberg im Taunus Neu-Anspach Oberursel Schmitten Steinbach Usingen Wehrheim Weilrod Lahn-Dill-Kreis Lahn-Dill-Kreis AÃŸlar Bischoffen Braunfels Breitscheid DietzhÃ¶lztal Dillenburg Driedorf Ehringshausen Eschenburg Greifenstein Haiger Herborn Hohenahr HÃ¼ttenberg Lahnau Leun Mittenaar SchÃ¶ffengrund Siegbach Sinn Solms Waldsolms Wetzlar Limburg-Weilburg Limburg-Weilburg Bad Camberg Beselich Brechen Dornburg Elbtal Elz Hadamar HÃ¼nfeld Limburg LÃ¶hnberg Mengerskirchen Merenberg Runkel Selters Villmar Waldbrunn Weilburg WeilmÃ¼nster Weinbach Marburg-Biedenkopf Marburg-Biedenkopf AmÃ¶neburg Angelburg Bad Endbach Biedenkopf Breidenbach CÃ¶lbe Dautphetal Ebsdorfergrund Fronhausen Gladenbach Kirchhain Lahntal Lohra Marburg MÃ¼nchhausen Neustadt Rauschenberg Stadtallendorf Steffenberg Weimar (Lahn) Wetter Wohratal Giessen, GN, Germany Temperatur: 12°C Gefühlt: 12°C Feuchtigkeit: 81% Wind: 3 km/h Richtung: 10° Barometer: 994.92 mb N Mehr Details zeigen Neueste BeitrÃ¤ge Deutsch-Italienische Gesellschaft Mittelhessen e.V. wÃ¤hlte neuen Vorstand Jill Marie Beck ist Rheinland-Pfalz Meisterin im Taekwondo 25 Taekwondo-Sportler bestehen zum nÃ¤chsten GÃ¼rtel Schmetterlings-Exkursion DIG auf der LGS: Infostand und internationales Konzert am 15.06.2014 Meist gelesene BeitrÃ¤ge Ergebnisse der Qualifikation zur Deutschen Meisterschaften im karnevalsitischen Tanzsport des BDK Schultheater der besonderen Art Zeugen Jehovas nehmen Ã„rzte nach Tod einer 29-JÃ¤hrigen in Schutz 18-JÃ¤hriger bei Unfall getÃ¶tet GroÃŸer Andrang beim Motorkart-Kurs des MSC Aktuelle Termine Keine Termine Activities X Online Chat X Ihr Status:  VerfÃ¼gbar VerfÃ¼gbar Abwesend Unsichtbar Status eingeben Bitte anmelden um zu chatten. Online Chat ( 0)   Wir haben 3111 GÃ¤ste online Ein Angebot von: Gießener Anzeiger Gelnhäuser Tageblatt Kreis Anzeiger Lauterbacher Anzeiger Oberhessische Zeitung Usinger Anzeiger mittelhessen-mail.de Tools für Webseiten Plugins Wordpress Community Impressum • Nutzungsbedingungen • Regeln • Werbung • Wie geht was? • W • A • P © GieÃŸener Anzeiger • Werden Sie zum Reporter â€“ das Portal in der Region!                         © Portalkonzept • System: wapmedia GmbH • www.wapmedia.de conformal ","title":"Auf Knopfdruck klappern die MÃ¼hlen","desc":"anzeigerlokal.de - Lokale BeitrÃ¤ge aus der Region GieÃŸen","details":{"length":6742,"language":"de","date":"2014/10/31 16:18:38","type":"application/xhtml+xml","country":""},"crawling":{"duration":"1","date":"2014/10/31 16:18:38"},"metas":[{"name":"robots","value":"index, follow"},{"name":"keywords","value":"Lokale Inhalte aus der Region"},{"name":"title","value":"Auf Knopfdruck klappern die MÃ¼hlen"},{"name":"author","value":"M. Egloff"},{"name":"description","value":"anzeigerlokal.de - Lokale BeitrÃ¤ge aus der Region GieÃŸen"},{"name":"generator","value":"Joomla! 1.5 - Open Source Content Management"}],"uri":{"protocol":"http","domain":"de.anzeigerlokal.","url":"http://anzeigerlokal.de/index.php?catid=52%3aranstadt&id=10061%3aauf-knopfdruck-klappern-die-muehlen&itemid=61&option=com_content&view=article"}}},{"_index":"de_content_201410","_type":"resourceQ","_id":"http://joboter.de/companylist/badgmbh/jobs.html?page=5","_score":1.0, "_source" : {"body":" Joboter.de Finden nach Firmen gruppieren Navigation Navigation Startseite Bewerber Arbeitgeber Firmen von A-Z Karrieremail JobWiki Berufe Städte Karriere Impressum B·A·D Gesundheitsvorsorge und Sicherheitstechnik GmbH Anzeigen: 101-125 [von 148] Spezialist (Konzern-) Rechnungswesen (m/w) - B·A·D Gesundheitsvorsorge und Sicherheitstechnik GmbH Angebot anfordern Deutschland ____Deutsch ____English Österreich България (Bulgaria) Česko Slovensko Polska ____Polski ____English Україна ____Українська ____Русский Türkiye United Kingdom Italia Deutschland Deutschland D... Arbeits-/Betriebsmediziner (m/w) oder Arzt in Weiterbildung (m/w) - B·A·D Gesundheitsvorsorge und Sicherheitstechnik GmbH Angebot anfordern Deutschland ____Deutsch ____English Österreich България (Bulgaria) Česko Slovensko Polska ____Polski ____English Україна ____Українська ____Русский Türkiye United Kingdom Italia Deutschland Deutschland D... Medizinische Fachangestellte (m/w) - B·A·D Gesundheitsvorsorge und Sicherheitstechnik GmbH Angebot anfordern Deutschland ____Deutsch ____English Österreich България (Bulgaria) Česko Slovensko Polska ____Polski ____English Україна ____Українська ____Русский Türkiye United Kingdom Italia Deutschland Deutschland D... Arbeits-/Betriebsmediziner (m/w) oder Arzt in Weiterbildung (m/w) - B·A·D Gesundheitsvorsorge und Sicherheitstechnik GmbH Angebot anfordern Deutschland ____Deutsch ____English Österreich България (Bulgaria) Česko Slovensko Polska ____Polski ____English Україна ____Українська ____Русский Türkiye United Kingdom Italia Deutschland Deutschland D... Arbeits-/Betriebsmediziner (m/w) oder Arzt in Weiterbildung (m/w) - B·A·D Gesundheitsvorsorge und Sicherheitstechnik GmbH Angebot anfordern Deutschland ____Deutsch ____English Österreich България (Bulgaria) Česko Slovensko Polska ____Polski ____English Україна ____Українська ____Русский Türkiye United Kingdom Italia Deutschland Deutschland D... Arbeits-/Betriebsmediziner (m/w) oder Arzt in Weiterbildung (m/w) - B·A·D Gesundheitsvorsorge und Sicherheitstechnik GmbH Angebot anfordern Deutschland ____Deutsch ____English Österreich България (Bulgaria) Česko Slovensko Polska ____Polski ____English Україна ____Українська ____Русский Türkiye United Kingdom Italia Deutschland Deutschland D... Arbeits-/Betriebsmediziner (m/w) oder Arzt in Weiterbildung (m/w) - B·A·D Gesundheitsvorsorge und Sicherheitstechnik GmbH Angebot anfordern Deutschland ____Deutsch ____English Österreich България (Bulgaria) Česko Slovensko Polska ____Polski ____English Україна ____Українська ____Русский Türkiye United Kingdom Italia Deutschland Deutschland D... Arbeits-/Betriebsmediziner (m/w) oder Arzt in Weiterbildung (m/w) - B·A·D Gesundheitsvorsorge und Sicherheitstechnik GmbH Angebot anfordern Deutschland ____Deutsch ____English Österreich България (Bulgaria) Česko Slovensko Polska ____Polski ____English Україна ____Українська ____Русский Türkiye United Kingdom Italia Deutschland Deutschland D... Medizinische Fachangestellte (m/w) - B·A·D Gesundheitsvorsorge und Sicherheitstechnik GmbH Angebot anfordern Deutschland ____Deutsch ____English Österreich България (Bulgaria) Česko Slovensko Polska ____Polski ____English Україна ____Українська ____Русский Türkiye United Kingdom Italia Deutschland Deutschland D... Medizinische Fachangestellte (m/w) - B·A·D Gesundheitsvorsorge und Sicherheitstechnik GmbH Angebot anfordern Deutschland ____Deutsch ____English Österreich България (Bulgaria) Česko Slovensko Polska ____Polski ____English Україна ____Українська ____Русский Türkiye United Kingdom Italia Deutschland Deutschland D... Teamleitung Arbeitsmedizin (m/w) - B·A·D Gesundheitsvorsorge und Sicherheitstechnik GmbH Angebot anfordern Deutschland ____Deutsch ____English Österreich България (Bulgaria) Česko Slovensko Polska ____Polski ____English Україна ____Українська ____Русский Türkiye United Kingdom Italia Deutschland Deutschland D... Arbeits-/Betriebsmediziner (m/w) oder Arzt in Weiterbildung (m/w) - B·A·D Gesundheitsvorsorge und Sicherheitstechnik GmbH Angebot anfordern Deutschland ____Deutsch ____English Österreich България (Bulgaria) Česko Slovensko Polska ____Polski ____English Україна ____Українська ____Русский Türkiye United Kingdom Italia Deutschland Deutschland D... Arbeits-/Betriebsmedizinern (m/w) oder Ärzten in Weiterbildung (m/w) im Fachgebiet Arbeitsmedizin neue Perspektiven. - B·A·D Angebot anfordern Deutschland ____Deutsch ____English Österreich България (Bulgaria) Česko Slovensko Polska ____Polski ____English Україна ____Українська ____Русский Türkiye United Kingdom Italia Deutschland Deutschland D... Arbeits-/Betriebsmediziner (m/w) oder Arzt in Weiterbildung (m/w) - B·A·D Gesundheitsvorsorge und Sicherheitstechnik GmbH Angebot anfordern Deutschland ____Deutsch ____English Österreich България (Bulgaria) Česko Slovensko Polska ____Polski ____English Україна ____Українська ____Русский Türkiye United Kingdom Italia Deutschland Deutschland D... Arbeits-/Betriebsmediziner (m/w) oder Arzt in Weiterbildung (m/w) - B·A·D Gesundheitsvorsorge und Sicherheitstechnik GmbH Angebot anfordern Deutschland ____Deutsch ____English Österreich България (Bulgaria) Česko Slovensko Polska ____Polski ____English Україна ____Українська ____Русский Türkiye United Kingdom Italia Deutschland Deutschland D... Arbeits-/Betriebsmediziner (m/w) oder Arzt in Weiterbildung (m/w) - B·A·D Gesundheitsvorsorge und Sicherheitstechnik GmbH Angebot anfordern Deutschland ____Deutsch ____English Österreich България (Bulgaria) Česko Slovensko Polska ____Polski ____English Україна ____Українська ____Русский Türkiye United Kingdom Italia Deutschland Deutschland D... Medizinische Fachangestellte (m/w) - B·A·D Gesundheitsvorsorge und Sicherheitstechnik GmbH Angebot anfordern Deutschland ____Deutsch ____English Österreich България (Bulgaria) Česko Slovensko Polska ____Polski ____English Україна ____Українська ____Русский Türkiye United Kingdom Italia Deutschland Deutschland D... Arbeits-/Betriebsmediziner (m/w) oder Arzt in Weiterbildung (m/w) - B·A·D Gesundheitsvorsorge und Sicherheitstechnik GmbH Angebot anfordern Deutschland ____Deutsch ____English Österreich България (Bulgaria) Česko Slovensko Polska ____Polski ____English Україна ____Українська ____Русский Türkiye United Kingdom Italia Deutschland Deutschland D... Arbeits-/Betriebsmediziner (m/w) oder Arzt in Weiterbildung (m/w) - B·A·D Gesundheitsvorsorge und Sicherheitstechnik GmbH Angebot anfordern Deutschland ____Deutsch ____English Österreich България (Bulgaria) Česko Slovensko Polska ____Polski ____English Україна ____Українська ____Русский Türkiye United Kingdom Italia Deutschland Deutschland D... Arbeits-/Betriebsmedizinern (m/w) oder Ärzten in Weiterbildung (m/w) im Fachgebiet Arbeitsmedizin neue Perspektiven. - B·A·D Angebot anfordern Deutschland ____Deutsch ____English Österreich България (Bulgaria) Česko Slovensko Polska ____Polski ____English Україна ____Українська ____Русский Türkiye United Kingdom Italia Deutschland Deutschland D... Arbeits-/Betriebsmediziner (m/w) oder Arzt in Weiterbildung (m/w) - B·A·D Gesundheitsvorsorge und Sicherheitstechnik GmbH Angebot anfordern Deutschland ____Deutsch ____English Österreich България (Bulgaria) Česko Slovensko Polska ____Polski ____English Україна ____Українська ____Русский Türkiye United Kingdom Italia Deutschland Deutschland D... Arbeits-/Betriebsmediziner (m/w) oder Arzt in Weiterbildung (m/w) - B·A·D Gesundheitsvorsorge und Sicherheitstechnik GmbH Angebot anfordern Deutschland ____Deutsch ____English Österreich България (Bulgaria) Česko Slovensko Polska ____Polski ____English Україна ____Українська ____Русский Türkiye United Kingdom Italia Deutschland Deutschland D... Arbeits-/Betriebsmediziner (m/w) oder Arzt in Weiterbildung (m/w) - B·A·D Gesundheitsvorsorge und Sicherheitstechnik GmbH Angebot anfordern Deutschland ____Deutsch ____English Österreich България (Bulgaria) Česko Slovensko Polska ____Polski ____English Україна ____Українська ____Русский Türkiye United Kingdom Italia Deutschland Deutschland D... Medizinische Fachangestellte (m/w) - B·A·D Gesundheitsvorsorge und Sicherheitstechnik GmbH Angebot anfordern Deutschland ____Deutsch ____English Österreich България (Bulgaria) Česko Slovensko Polska ____Polski ____English Україна ____Українська ____Русский Türkiye United Kingdom Italia Deutschland Deutschland D... Arbeits-/Betriebsmediziner (m/w) oder Arzt in Weiterbildung (m/w) - B·A·D Gesundheitsvorsorge und Sicherheitstechnik GmbH Angebot anfordern Deutschland ____Deutsch ____English Österreich България (Bulgaria) Česko Slovensko Polska ____Polski ____English Україна ____Українська ____Русский Türkiye United Kingdom Italia Deutschland Deutschland D... Ergebnisseiten: 1   «   2   3   4   5   6   »   6 Suche dauerte 0.015 Sekunden Die Anzeigen Ihrer Firma bei Joboter anmelden Ausland | Restaurant | USA | Tourismus | Gastro | Berlin | Spanien | Schweiz | Produktmanagement | Hamburg | Manager ","title":"Jobs der Firma: B·A·D Gesundheitsvorsorge und Sicherheitstechnik GmbH","desc":"aktuelle Jobs der Firma B·A·D Gesundheitsvorsorge und Sicherheitstechnik GmbH","details":{"length":8959,"language":"de","date":"2014/10/31 16:18:42","type":"text/html","country":""},"crawling":{"duration":"1","date":"2014/10/31 16:18:42"},"metas":[{"name":"AUTHOR","value":"Joboter"},{"name":"LANGUAGE","value":"deutsch, de, at, ch, german"},{"name":"KEYWORDS","value":"Jobs, Stellenanzeigen, Stellenangebote, Joboter.de, B·A·D Gesundheitsvorsorge und Sicherheitstechnik GmbH"},{"name":"Description","value":"aktuelle Jobs der Firma B·A·D Gesundheitsvorsorge und Sicherheitstechnik GmbH"},{"name":"revisit-after","value":"3 days"},{"name":"date","value":"2014-07-06"},{"name":"created","value":"2014-07-06"},{"name":"expires","value":"3600"},{"name":"generator","value":"online job boerse"},{"name":"copyright","value":"Adpartner Stellenmarkt AG"},{"name":"type","value":"long distance"},{"name":"use","value":"communications"},{"name":"resource-type","value":"document"},{"name":"page-topic","value":"Jobs und Stellenangebote"},{"name":"page-typ","value":"Jobs und Stellenangebote"},{"name":"distribution","value":"jobs, suchmaschine"},{"name":"robots","value":"index, follow, all"},{"name":"pragma","value":"no-cache"},{"name":"fb:app_id","value":"156506431065967"},{"name":"viewport","value":"width=device-width, initial-scale=1.0"}],"uri":{"protocol":"http","domain":"de.joboter.","url":"http://joboter.de/companylist/badgmbh/jobs.html?page=5"}}},{"_index":"de_content_201410","_type":"resourceQ","_id":"http://spitz-liebhaber-forum.de/showthread.php?2679-3-fotowettbewerb/page2&s=63a79eb0bc4aff88d00d2cf6374f56c9","_score":1.0, "_source" : {"body":" Registrieren Hilfe Angemeldet bleiben? Forum Hilfe Kalender Aktionen Alle Foren als gelesen markieren Nützliche Links Forum-Mitarbeiter anzeigen Blogs Erweiterte Suche vBulletin-Systemmitteilung vBulletin-Systemmitteilung Sie wurden aus folgendem Grund gesperrt: Es wurde keine Begründung angegeben. Ende der Sperre: Nie Gehe zu: Bereiche Benutzerkontrollzentrum Private Nachrichten Abonnements Wer ist online Foren durchsuchen Forum-Startseite Foren Hallo und herzlich Willkommen im Spitzforum \"Wolfsspitz-Forum.de\" Wer wir sind Regeln zum Forumsbetrieb Oft gestellte Fragen zur Registratur und von neuen Usern Fach- und Sachforum rund um den Hund Hunderziehung / Probleme Erziehungsfragen Probleme mit dem Hund Gesundheit/Ernährung/Hundepflege Gesundheit, Ernährung und Hundepflege Krankenakte Rezepte rund um den Hund Pflegeartikel Freizeit mit dem Hund Spiel- und Beschäftigungsgeräte Hundesport und andere Freizeitaktivitäten Trickkiste Unterwegs mit dem Hund Erlebnisse mit unseren Hunden Unsere anderen Tiere / Andere Rassen Andere Hunderassen Unsere anderen Haustiere Allgemeines rund um den Hund Unsere Züchter Homepages unserer User Vermittlungsbereich Urlaubsbetreuung Allgemeines zum Vermittlungsbereich Forumswelpen Spitz sucht ein zuhause.... Stumpf sucht ein zuhause Vermittlungsbereich der Samojeden-Nothilfe Spitz in Not - Fälle bis Feb. 2010 Vereinsbereich Verein für Deutsche Spitze e.V. Liebhaber des Deutschen Spitzes e.V. Vorraum zum Community-Bereich Vorstellungsbereich Fragen zum Forum Testbereich Tagesbereich Dies und Das - Der \"Laberkasten\" Flohmarkt Spaßecke Witz- und Schmunzelecke Spielecke Lustige Ereignisse mit und ohne Hund Community Bereich Das Forum Unser Forum Kritik und Lob Wichtiges!!!!! Euer Weg ins Wolfsspitzforum Chat-Room Babbelstubb Hobby's und Interessen Die Babbelstubb... Tolles und ärgerliches Speakers Corner Haus, Hof und Garten Das Jugendzentrum Treffpunkt Schule / Job Hobby`s / Interessen Kreativecke Euer Alltag Tipp`s und Interessantes von Usern für User... Kreativecke / Fotowettbewerbe Literaturecke Medienecke Künstlerecke Fotowettbewerb 1. Fotowettbewerb 2. Fotowettbewerb 3. Fotowettbewerb 4. Fotowettbewerb 5. Fotowettbewerb 6. Fotowettbewerb 7. Fotowettbewerb 8. Fotowettbewerb Wellnessbereich für 2-Beiner Aktionen im Wellnessbereich Diäten: Erfolge und Nichterfolge Rezepte für den Wellnessbereich Wellness- und Entspannungstip`s Sport im Wellnessbereich Rezeptecke für \"normale\" Rezepte Urlaub Urlaub mit und ohne Hund Empfehlungen von Fories für Fories für Urlaub mit dem Hund Einreisebestimmungen Veranstaltungen/Ausstellungen/Forentreffen/Spaziergänge Veranstaltungen/Ausstellungen Tipps und Tricks bei Ausstellungen Forentreffen Spaziergänge Hundefotos und Hundevideos Fotoalbum Videoecke Fotoalbum für \"Nicht-Hunde\" Glückwünsche PC, Laptop und Technik Regenbogenbrücke Unser Welpenland Allgemeines zum Bereich \"Welpenland\" Hurra, der Nachwuchs ist da! Ein Welpe zieht ein Erziehungstipp`s Schnupfenecke Spielecke Futterecke Fotoecke Unsere Seniorenecke Allgemeines um unsere Senioren Lebensumstellungen für unsere Senioren Ernährung Sport und Beschäftigung Krankenzimmer Hospiz Senioren-Fotoalbum -- vB4 Standard-Style -- Standard Mobile Style Wolfsspitz-Forum Archiv Nach oben Alle Zeitangaben in WEZ +2. Es ist jetzt 04:27 Uhr. Powered by vBulletin® Version 4.2.0 (Deutsch) Copyright ©2014 Adduco Digital e.K. und vBulletin Solutions, Inc. Alle Rechte vorbehalten. Alle Beitragsrechte liegen bei dem Forumsbetreiber, kopieren und unerlaubtes veröffentlichen ist untersagt. ","title":"Wolfsspitz-Forum, das Forum für Wolfs- und andere Spitze.","desc":"Dies ist ein Hundeforum für Wolfsspitze, Spitze und andere Hunderassen","details":{"length":3549,"language":"de","date":"2014/10/31 16:18:39","type":"application/xhtml+xml","country":""},"crawling":{"duration":"1","date":"2014/10/31 16:18:39"},"metas":[{"name":"vb_meta_bburl","value":"http://www.wolfsspitz-forum.de"},{"name":"generator","value":"vBulletin 4.2.0"},{"name":"keywords","value":"Spitzliebhaber, Spitzliebhaber Forum, Wolfsspitzliebhaber,  Spitzliebhaberforum, Liebhaber des deutschen Spitzes, Wolfsspitzforum, Wolfsspitz-Forum, Hundeforum, Spitzfreunde, Hunde-forum, Spitz-Forum, Spitzforum, Spitz, Wolfsspitzheimat, Wolfsspitznest, Wolfsspitzbau, Wolfsspitzfamilie, Wolfsspitzkörbchen, Wolfsspitzfans"},{"name":"description","value":"Dies ist ein Hundeforum für Wolfsspitze, Spitze und andere Hunderassen"},{"name":"robots","value":"noindex,follow"}],"uri":{"protocol":"http","domain":"de.spitz-liebhaber-forum.","url":"http://spitz-liebhaber-forum.de/showthread.php?2679-3-fotowettbewerb/page2&s=63a79eb0bc4aff88d00d2cf6374f56c9"}}},{"_index":"de_content_201410","_type":"resourceQ","_id":"http://officecenter-erkrath.de/services?sid=48a7f8515cdb3f5e93416555ef8b703a","_score":1.0, "_source" : {"body":" Office Center Erkrath Bürovermietung in Düsseldorf / Erkrath / Unterfeldhaus Konferenzräume Innenansichten Außenansichten Home Konzept Büros Services Standort 0211 / 2503 0      Anfrage Mietbüros Konferenzräume Schulungsräume Büro Konfigurator Cafeteria / Catering Inhouse Werbeservice Aktenarchivierung Parken Services flexibel buchen... Ihre Infrastruktur = unsere Services Wir können Ihnen eine Vielzahl an professionellen Services bieten: Sekretariat & Empfangservice Freundliche Sekretärinnen nehmen auf Wunsch Anrufe sowie Post in Ihrem Namen entgegen. Sie erhalten alle Nachrichten persönlich oder per Mail, sobald Sie wieder in Ihrem Büro eintreffen. Büro-Services Sie suchen nach einem professionellen Office on Demand Service, oder benötigen nur eine Postadresse oder Geschäftsadresse für Ihr virtuelles Büro? Post- Hol- und Bring-Service IT-Service – Eigene Techniker im Haus Unser Haus ist mit einer 150 MBit Internetleitung verbunden (UP and Down). Unser hauseigener IT-Spezialist stellt sofort einen Telefon / Internet Anschluss mit einer Banbreite von 30 - 150 MBit für Sie zur Verfügung. Einziehen, Computer aufstellen einstecken - fertig! Cafeteria / Catering-Service Verwöhnen Sie Ihre Gäste gleich in der Cafeteria des Office Center Erkrath mit einer leckeren Auswahl an Speisen und Getränken. Wir bieten Ihnen eine wöchentlich wechselnde Karte mit nationalen und internationalen Speisen. Die Preise sind sehr attraktiv. Diese Vorteile nutzen auch die Mitarbeiter der umliegenden Betriebe. So ganz nebenbei entstehen hier neue Geschäftskontakte. Einrichtungs-Service Chauffeur-Service im Haus 400 eigene Parkplätze Bei uns gibt es genügend freie Parkplätze für Ihr Unternehmen und Ihre Kunden. Zusätzlich haben Sie die Möglichkeit, eigene Stellplätze für Sie und Ihre Mitarbeiter zu mieten, die dann mit eigenen Namensschildern versehen werden. Hausmeister im Haus Anfrage Cafeteria / Catering Inhouse Werbeservice Aktenarchivierung Parken Büros 0211 / 2503 0 Büros Mietbüros Konferenzräume Schulungsräume Büro Konfigurator Services Cafeteria / Catering Inhouse Werbeservice Aktenarchivierung Parken Office Center Erkrath Niermannsweg 11 - 15 / 40699 Erkrath © 2012 Geissel GmbH - Grundbesitzverwaltung  |  All rights reserved!  |  Impressum  |  Nutzungsbedingungen  |  Datenschutzerklärung  |  Energieausweis  |  webdesign by xyberdyn ","title":"Office Center Erkrath - Services","desc":"Office Center Erkrath - Services","details":{"length":2356,"language":"de","date":"2014/10/31 16:18:41","type":"text/html","country":""},"crawling":{"duration":"1","date":"2014/10/31 16:18:41"},"metas":[{"name":"format-detection","value":"telephone=no"},{"name":"description","value":"Office Center Erkrath - Services"}],"uri":{"protocol":"http","domain":"de.officecenter-erkrath.","url":"http://officecenter-erkrath.de/services?sid=48a7f8515cdb3f5e93416555ef8b703a"}}},{"_index":"de_content_201410","_type":"resourceQ","_id":"http://scaleracing.de/shop/system/?plugin=newsshow&tmpl=index_short&wkid=18338708357712","_score":1.0, "_source" : {"body":"    Hersteller ... Abralon ACD ACT Baremetal BCC BvH Cady dag decaldoc Fisher Fujimi GP GS Gunze Hasegawa Heller Hobby Design Hudy Igarachi Jens JP JSR JSR/MNS JSR/VMC JWBTM JWTBM Kent Kyosho Mabuchi MarcelC/JSR Minimodels mns MNS Motor Modern MotorModern Niemas Racecars nikdraw Parma Patto Plafit powerslide Redfox Renaissance Reppe Revell RnD Unique Sakatsu Scale Design Scale Production Scaleauto SCB Scotch 3M shunko Shunko Sigma Slixx slottec solid Speedline speedline SRP Studio 27 Tamiya Tesa Truescale Vintage Racing Miniatures Virages VMC VMC/JSR VRM Weicon Wera Werk werk Wiesel WWS WWS by JSR Würth Z-Machine   Keine Artikel im Warenkorb. Der gewünschte Artikel wurde erfolgreich in den Warenkorb gelegt. Home Suche Kontakt AGB Aktuelles Newsletter Warenkorb Mein Konto KOMPLETT-KITS KAROSSERIEN Alles ZUM SUPERN FAHREREINSÄTZE DECALS FARBEN-ZUBEHÖR FAHRWERKE FAHRWERKS-ZUBEHÖR FAHRWERKS-KITS RÄDER GETRIEBE MOTOREN-ZUBEHÖR KLEBSTOFFE WERKZEUGE SERVICEMITTEL HANDREGLER SONSTIGES FERTIGAUTOS MINI Z RETRO RACING Specials Neuheiten Sonderangebote Topseller Serviceleistungen Informationen Historie Galerie Tipps und Tricks LeMans Challenge DSC Oldies but Goodies Aktuelles 908 Decals (03.07.2014 / 14.23) Für den P. 908 Spider sind die Decals #36, #268 Targa Florio und #53 Brands Hatch wieder lieferbar. http://www.scaleracing.de/decals/dsc-decal/p/ ...    anzeigen Flunder Decals (01.07.2014 / 15.40) Für den P. 908 Flunder von VMC (Völkl) haben wir neu vin MNS zwei tolle Decals: Le Mans 1971 und Watkins Glen 1974. Hier: ...    anzeigen GS und JSR Chassis (22.06.2014 / 16.32) GS Chassis belegen beim DSC Mitte Lauf in Frankfurt die Plätze 1, 4 und 5 in der Klasse 2. JSR 1 Chassis belegen Platz 2 und 5 in der Klasse 1. ...    anzeigen Platz 1... (08.06.2014 / 14.38) ...mit der Corvette in Klasse 1 beim DTSW Mittelauf in Wiesbaden. Kugellager, Felgen, Reifen, Felgeneinsätze, Motorkabel, Leitkiel, Getriebe usw. ...    anzeigen Zuletzt angesehen Kein Artikel vorhanden. Empfehlungen 1971 P. 908 Flunder Le Mans Cosson-Lenze * 16,90 EUR Blinker gelb * 2,90 EUR * Sämtliche Preise verstehen sich inkl. der gesetzlichen MwSt. und zzgl. Versandkosten. Home   |   Versandkosten   |   Warenkorb   |   Mein Konto   |   Kontakt   |   Newsletter   |   Impressum   |   AGB   |   Widerrufsrecht   |   Datenschutz © Sigrid Jens - Fenchelring 6 - 65191 Wiesbaden - Tel. 0611-567993 - Fax. 0611-563299 ","title":"Jens Scale Racing ist der 1:24 Slot Racing Spezialist","desc":"Aktuelles 908 Decals (03.07....","details":{"length":2406,"language":"de","date":"2014/10/31 16:18:41","type":"application/xhtml+xml","country":""},"crawling":{"duration":"1","date":"2014/10/31 16:18:41"},"metas":[{"name":"description","value":"Aktuelles 908 Decals (03.07...."},{"name":"keywords","value":"Slotracing, Scaleracing,Jens, JP, MotorModern, Gunze, Fujimi, Hasegawa, Plafit, Q-Model, Revell, Sakatsu, Schöler, Tamiya, Völkl, Werk, Wiesel, Porsche917, Ferrari, Lotus, FordGT40, Corvette, Stockcar, Nascar, Jaguar, DSC, Lola, Matich, AlfaRomeo, Slotracing, Slot Cheetah, KentGrundierung, ACD, JET3digital, Kugellager, Achsdistanzen, Leitkiel, Schleifer, Achsen, Felgen, Reifen, Zahnrad, Fox10, Pattex, UHU,Dag-Tool, Woodoo, Microsol, BlueWonder, Tankdeckel, Spiegel, Fotoätz, Beleuchtung, Parke,Lola T165, Jens Lola,Gassitasche,Wild Hazel,Hundetasche"},{"name":"robots","value":"noindex,follow,noodp"},{"name":"google-site-verification","value":"ASnBtkBhP7t3hCXlCmZOMKEgXPmOJO705mjdYLrrx2o"}],"uri":{"protocol":"http","domain":"de.scaleracing.","url":"http://scaleracing.de/shop/system/?plugin=newsshow&tmpl=index_short&wkid=18338708357712"}}},{"_index":"de_content_201410","_type":"resourceQ","_id":"http://klartext-ne.de/2010/09/16/grevenbroich-turnverein-hatte-ungebetenen-besuch/","_score":1.0, "_source" : {"body":" +Anzeige Leitartikel Lokalreporter Dormagen Grevenbroich Jüchen Kaarst Korschenbroich Meerbusch Neuss Rommerskirchen Startseite Wir stellen vor! Bildergalerie Videos Kalender & Termine Veranstaltungen Interessante Links Impressum Urheberrechte Werbung Please enable / Bitte aktiviere JavaScript! Veuillez activer / Por favor activa el Javascript! [ ? ] Grevenbroich: Turnverein hatte ungebetenen Besuch 16. September 2010 | Von Redaktion | Kategorie: Grevenbroich-lokal.de Grevenbroich-Neukirchen – Mit Bargeld als Beute gelang bislang unbekannten Einbrechern die Flucht. Diese waren in der Nacht zum Donnerstag (16.09.), zwischen 00.15 Uhr und 06.30 Uhr, durch einen Seiteneingang in den Fitnessraum eines Turnvereins auf der Viehstraße eingedrungen. Bei ihrer Suche nach verwertbarer Beute fiel den Tätern dann das Geld in die Hände. Zeugen, die Hinweise auf den Einbruch geben können, werden gebeten, die Polizei unter der Telefonnummer 02131-3000 zu informieren. Ähnliche Beiträge Schlagworte: Grevenbroich, Neukirchen Kommentare sind geschlossen +Anzeige +Anzeige +Anzeige +Anzeige Monats-Archiv Wähle den Monat Juli 2014  (47) Juni 2014  (364) Mai 2014  (334) April 2014  (368) März 2014  (352) Februar 2014  (273) Januar 2014  (306) Dezember 2013  (285) November 2013  (354) Oktober 2013  (350) September 2013  (338) August 2013  (263) Juli 2013  (242) Juni 2013  (321) Mai 2013  (322) April 2013  (263) März 2013  (283) Februar 2013  (266) Januar 2013  (261) Dezember 2012  (233) November 2012  (346) Oktober 2012  (319) September 2012  (281) August 2012  (283) Juli 2012  (330) Juni 2012  (304) Mai 2012  (327) April 2012  (286) März 2012  (359) Februar 2012  (356) Januar 2012  (349) Dezember 2011  (472) November 2011  (529) Oktober 2011  (581) September 2011  (592) August 2011  (660) Juli 2011  (643) Juni 2011  (634) Mai 2011  (633) April 2011  (571) März 2011  (654) Februar 2011  (629) Januar 2011  (633) Dezember 2010  (553) November 2010  (586) Oktober 2010  (669) September 2010  (751) August 2010  (619) Juli 2010  (640) Juni 2010  (701) Mai 2010  (589) April 2010  (698) März 2010  (667) Februar 2010  (643) Januar 2010  (548) Dezember 2009  (644) November 2009  (682) Oktober 2009  (642) September 2009  (601) August 2009  (575) Juli 2009  (438) Juni 2009  (168) Mai 2009  (11) Artikel Suche Tages-Archiv September 2010 M D M D F S S « Aug   Okt »   1 2 3 4 5 6 7 8 9 10 11 12 13 14 15 16 17 18 19 20 21 22 23 24 25 26 27 28 29 30   © 2014 Klartext-NE.de | Powered by: dotCOM News & Medien Agentur Alle Logos, Warenzeichen und Beiträge auf dieser Webseite sind Eigentum Ihrer Besitzer, der Rest © Robert Schilken Mit Bild-/ Textmaterial der Feuerwehr und Polizei (ots), Pixelio.de sowie Städte und Gemeinden aus dem Rhein-Kreis Neuss. ","title":"Grevenbroich: Turnverein hatte ungebetenen Besuch | Klartext-NE.de","desc":"Grevenbroich-Neukirchen - Mit Bargeld als Beute gelang bislang unbekannten Einbrechern die Flucht.","details":{"length":2758,"language":"de","date":"2014/10/31 16:18:42","type":"application/xhtml+xml","country":""},"crawling":{"duration":"1","date":"2014/10/31 16:18:42"},"metas":[{"name":"verification","value":"c2f957377629e4e1bf3c8f5ee0edcb5e"},{"name":"description","value":"Grevenbroich-Neukirchen - Mit Bargeld als Beute gelang bislang unbekannten Einbrechern die Flucht."},{"name":"robots","value":"index, follow, noarchive"},{"name":"shareaholic:site_name","value":"Klartext-NE.de"},{"name":"shareaholic:language","value":"de-DE"},{"name":"shareaholic:url","value":"http://www.klartext-ne.de/2010/09/16/grevenbroich-turnverein-hatte-ungebetenen-besuch/"},{"name":"shareaholic:keywords","value":"grevenbroich, neukirchen, grevenbroich-lokal.de"},{"name":"shareaholic:article_published_time","value":"2010-09-16T11:27:09+02:00"},{"name":"shareaholic:article_modified_time","value":"2014-07-03T18:30:18+02:00"},{"name":"shareaholic:shareable_page","value":"true"},{"name":"shareaholic:article_author_name","value":"Redaktion"},{"name":"shareaholic:site_id","value":"b028a5e29aae6539a7cf4d64a9548351"},{"name":"shareaholic:wp_version","value":"7.4.0.8"},{"name":"og:title","value":"Grevenbroich: Turnverein hatte ungebetenen Besuch"},{"name":"og:type","value":"article"},{"name":"og:image","value":"http://www.klartext-ne.de/wp-content/grafik/reporter.png"},{"name":"og:url","value":"http://www.klartext-ne.de/2010/09/16/grevenbroich-turnverein-hatte-ungebetenen-besuch/"},{"name":"og:site_name","value":"Klartext-NE.de"},{"name":"og:description","value":"Grevenbroich-Neukirchen - Mit Bargeld als Beute gelang bislang unbekannten Einbrechern die Flucht. Diese waren in der Nacht zum Donnerstag (16.09.), zwischen 00.15 Uhr und 06.30 Uhr, durch einen Seiteneingang in den Fitnessraum eines Turnvereins auf der Vi"},{"name":"fb:app_id","value":"272290339509232"},{"name":"og:locale","value":"de_DE"},{"name":"alexaVerifyID","value":"URF77vvQFMaUKmzKp9nr2g5555M"}],"uri":{"protocol":"http","domain":"de.klartext-ne.","url":"http://klartext-ne.de/2010/09/16/grevenbroich-turnverein-hatte-ungebetenen-besuch/"}}},{"_index":"de_content_201410","_type":"resourceQ","_id":"http://flowfact.de/karriere/ausbildung/praktika-internships/ab-august-2014-marketing-online-print-grafik.html?l=2%25252&no_cache=1","_score":1.0, "_source" : {"body":" Fernwartung starten Rückruf Mail Lösungen Für Selbständige und kleine Immobilienvermarkter  Für mittelständische Immobilienvermarkter  Für Immobilienverwalter  Für Projektentwickler und Bauträger  Für die Wohnungswirtschaft  Für die Real Estate Industry  Service FLOWFACT direct hAPPy  FLOWFACT Performer CRM  FLOWFACT weiterempfehlen  Newsletter  Status  Karriere Warum FLOWFACT?  Stellenanzeigen  Ausbildung und Praktika Abschlussarbeiten  Rückrufservice  FLOWFACT AG Unternehmen  Partner  Presse  FLOWFACT Award  Veranstaltungen  Immobilienwissen  Kontakt Kontakt  Anfahrt  Fernwartung starten  flowfact.de Karriere Ausbildung und Praktika Ab August 2014: Marketing (Online / Print / Grafik) Führungsleitlinien Mitarbeiter Nerd Camp     Grafik-Design / WAK / BWL mit Schwerpunkt Marketing Lust, schon im Praktikum an echten Projekten zu arbeiten? Eigene Ideen mit den CD-Vorgaben zu verbinden und daraus etwas Neues zu entwickeln? Wer nicht ‚irgendwo' ein Praktikum machen will, sondern aktiv mitarbeiten will, wer in ein starkes, interdisziplinäres Team eingebunden werden möchte und selbst den Antrieb mitbringt, etwas auf die Beine zu stellen – der findet bei der FLOWFACT AG die richtige Aufgabe. Je nach Vorbildung ist ein Schwerpunkt auf Onlinemedien, Eventmarketing, PR und Öffentlichkeitsarbeit oder auf Printgestaltung möglich. Was Sie mit FLOWFACT tun können Sie unterstützen das Team in unterschiedlichsten Projekten von der Ideenfindung bis zur Realisation Grafische Gestaltung und Umsetzung von Prospekten, Flyer, Anzeigen, Verpackungen und anderem Printmaterial Contentaktualisierung der FLOWFACT Homepage (CMS System Typo 3) Erstellung von Flash-Animationen Auswahl und Gestaltung von Give aways und Werbematerialien Erstellung von HTML-Vorlagen für E-Mails Erstellung und Platzierung von Pressemitteilungen Vorbereiten von Texten für Produktunterlagen (Flyer, Broschüren) Vorbereitung von Kunden- und Mitarbeiterveranstaltungen Was sollten sie mitbringen? Fortgeschrittene, passendes Studium Neben dem Grundlagenwissen über Marketingstrategien eine große Portion Wissbegierde und Lust an der Arbeit.<\\li> Theoretische Marketingkenntnisse durch entsprechende Ausbildung Routinierter Umgang mit dem PC, inkl. MS Word und Windows Erfahrungen mit Multimediasoftware oder Fähigkeiten im Bereich von Illustration und/oder Fototechnik sind von Vorteil Flash-Kenntnisse sehr willkommen Gestalterisches Händchen Sorgfalt und Verlässlichkeit Hohe Affinität zu den Themen Immobilienwirtschaft und Software Spaß an der eigenen Arbeit, Engagement und Humor! Besonders gut passen Sie zur FLOWFACT AG, wenn Sie Ihr gestalterisches Talent mit dem Gespür für Corporate Design und dessen Einhaltung kombinieren und daraus kreative Kommunikationsideen ableiten. Da wir ein kleines Unternehmen sind, wünschen wir uns jemand, der eine ausgewogene Balance zwischen wissenschaftl. Anspruch und pragmatischer Umsetzung hat. Kommt dann noch eine große Portion Humor dazu, können wir viel miteinander bewegen! Die FLOWFACT AG Die Gründe, die für FLOWFACT sprechen reichen von A bis Z: http://www.flowfact.de/karriere/warum-flowfact.html.   Allen voran: Es macht Spaß mit FLOWFACT zu arbeiten! Dazu ein hervorragend ausgestatteter Arbeitsplatz mit moderner Infrastruktur, intensive Einarbeitung, Weiterbildungen und Raum für Innovationen. Und für zwischendurch: Frisches Obst und eine Müslistation, Fitnessraum und sportliche Teamaktivitäten. Lust auf Leistung? Teamgeist und Spaß an der Arbeit?  Dann passen Sie besonders gut zu uns! Wir glauben, dass man nur darin wirklich gut wird, was man mit Leidenschaft tut. Wofür entwickeln Sie berufliche Leidenschaft? Erzählen Sie es uns! Am schnellsten geht’s via  job(at)flowfact.de oder durch Klick auf den Button \"jetzt bewerben\" zurück jetzt bewerben So funktioniert direct hAPPy® Bei der Vermarktung von Immobilien einfach, schnell und mobil erfolgreich sein.  mehr Automatisierte Objektakquise mit hAPPyLEAD! Jetzt kostenfrei die Betaversion nutzen.  mehr 02.07.2014 - Deutsche Immobilienmesse mehr 09.07.2014 - Sprengnetter Innovationstagung mehr 05.09.2014 - Maklertreff Nordrhein-Westfalen mehr 17.09.2014 - Norddeutscher Immobilientag IVD Nord mehr Lösungen Für Selbständige und kleine Immobilienvermarkter Überblick Funktionen Exposé-Erstellung Portalübertragung Selektion Anfragenbearbeitung Mobil Arbeiten Makler-Homepage Service Multilisting hAPPyLEAD Wohnmarktanalyse Videoerstellung direct hAPPy Grundrisserstellung mit direct hAPPy® Referenzen Ansprechpartner Kostenfrei testen Zertifiziert DIN EN 15733 Für mittelständische Immobilienvermarkter Überblick Funktionen Installationslösungen Geschäftsführung Immobilienvertrieb Marketing Controlling Backoffice Administration Homepage-Module für Performer Akquise mit hAPPy®LEAD Immobilieneinkauf/MLS Mobil Arbeiten FLOWFACT API Erweiterungen Verwalter-Edition Gewerbe-Edition Mehrsprachige Edition Vertrieb & Organisation Referenzen Rückruf Kostenfreier Test Für Projektentwickler und Bauträger Für Projektentwickler und Bauträger Partner Für die Wohnungswirtschaft Lösungen Für Immobilienverwalter Überblick Leistungen Organisation Prozesse Verknüpfung Transparenz Erweiterungen Gewerbe-Edition i18n-Edition Mobiles CRM Synchronisation Vertrieb & Organisation Rückruf Für Projektentwickler und Bauträger Für Projektentwickler und Bauträger Partner Für die Wohnungswirtschaft Für die Real Estate Industry Überblick Leistungen Geschäftsführung Vertrieb Marketing Controlling Backoffice Administration Referenzen Rückruf Service FLOWFACT direct hAPPy Service Desk Anfrage Multilisting Immoframe hAPPyLEAD FAQ Webinare Support FLOWFACT Performer CRM Support Service Desk Anfrage Service Desk Termin Upgrade Performer CRM 2014 Module und Erweiterungen Module Wohnmarktanalyse Ihre eigene Immobilien APP Videoerstellung Performer CRM Grundrisserstellung mit Performer CRM Vorlagen und Design Consulting Dienstleistungen Methodik Referenzen Zertifizierungsvorbereitung nach DIN EN 15733 Academy Seminare & Termine Academy Training für Auszubildende - Termin: 06.08. - 07.08.2014 Performer CRM Beginner - Start Training - Nächster Termin: 16.06.2014 Performer CRM Professional - Potentiale nutzen Nächster - Termin: 04.09.2014 Performer CRM Backoffice - Perfekt organisiert - Nächster Termin: 27.08. - 28.08.2014 Performer CRM Admin Certificate - Nächster Termin: 11.06.-13.06.2014 Performer CRM - Individuelles Coaching Performer CRM - Individuelles Online Coaching Performer CRM Prozesse Nächster Termin: 10.11. - 11.11.2014 Performer CRM Scripting Workshop Anreise & Unterkunft Anmeldung Webinare FLOWFACT weiterempfehlen Newsletter Status Karriere Warum FLOWFACT? Führungsleitlinien Mitarbeiter Informationen für Bewerber Familie und Beruf Die FLOWFACT AG in der Presse Stellenanzeigen Ausbildung und Praktika Führungsleitlinien Mitarbeiter Nerd Camp Rückblick 2013 Abschlussarbeiten Rückrufservice Flowfact AG Unternehmen Profil Eindrücke Standorte Partner Immobilienportale Verbandspartner Kooperationen Softwarepartner Installationspartner Übersichtskarte Leistungen Partner Premium-Händler Presse Pressekontakt Pressemitteilungen 2014 2013 2012 2011 FLOWFACT Award Gewinner 2013 Gewinner 2012 Gewinner 2011 Gewinner 2010 Gewinner 2009 Gewinner 2008 Gewinner 2007 Gewinner 2006 Veranstaltungen Termine Immobilienwissen © FlowFact AG Impressum AGB Datenschutz Sitemap Drucken Newsletter Youtube Facebook ","title":"Ab August 2014: Marketing (Online / Print / Grafik) - ","desc":null,"details":{"length":7406,"language":"de","date":"2014/10/31 16:18:42","type":"application/xhtml+xml","country":""},"crawling":{"duration":"1","date":"2014/10/31 16:18:42"},"metas":[{"name":"generator","value":"TYPO3 4.5 CMS"},{"name":"keywords","value":"Vertrieb, IT Vertriebsbeauftragter, Key Account Manager, Sales, Vertrieb, CRM, Kundengewinnung, Bestandskunden, Nachverkäufe, Immobilienmakler, Immobiliensoftware, Immobilienvermarktung, Vertrieb, Sales, Software"},{"name":"Author","value":"FlowFact CRM Software - Immobiliensoftware"},{"name":"robots","value":"all"},{"name":"content-language","value":"de"},{"name":"Revisit","value":"After 7 days"}],"uri":{"protocol":"http","domain":"de.flowfact.","url":"http://flowfact.de/karriere/ausbildung/praktika-internships/ab-august-2014-marketing-online-print-grafik.html?l=2%25252&no_cache=1"}}},{"_index":"de_content_201410","_type":"resourceQ","_id":"http://turkkitabevi24.de/mahrem/id/8109","_score":1.0, "_source" : {"body":" Detaylı arama Ana sayfa >> * KITAPLAR >> Bestseller Türk Yazarları >> Mahrem * KITAPLAR Mizah En çok satanlar - Yabancı Yazarlar Krimi Kitapları Lisan Öğrenim Kitapları Almanca Türkçe ingilizce Diğer Diller Bestseller Türk Yazarları Tarih Kitapları En Yeni Kitaplar Dünya Klasikleri Vitrindekiler Psikoloji ve Felsefe Kitapları Aile ve Sağlık Kitapları Yemek Kitapları Din Kitapları Çocuk ve Gençlik Kitapları Başarı ve Kişisel Gelişim Şiirler Bilim Araştarma - İnceleme * MÜZIK CD Kirac Sezen Aksu Tarkan Cocuk Sarkilari ve Masallar (CD) Film ve Dizi Müzikleri * FILM DVD - VCD Türk Filmleri Yilmaz Güney Filmleri Metin Akpinar & Zeki Alasya Ilyas Salman filmleri Dini filmler Vizyondaki Türk Filmleri Kemal Sunal Filmleri Sener Sen filmleri Tiyatro, Stand Up, Dans, Konser Çocuk Filmleri Yabancı Filmler - Türkçe Belgesel Aktüel Filmler Hint Filmleri - Türkçe Yeni Filmler Kampanya Benim Kur'anım  (Pembe Kapaklı Kuran-i Kerim) Çocuklarınız bu Kuran-ı Kerimi Çok Sevecek! 24,90 € 19,90 € Elif Şafak'ın Yeni Romanı Bedava! 26 Romanlık Dev Seti Siparis et,  \"Ustam ve Ben\" kitabına Bedava Sahip Ol! Elif Şafak 199,50 € 49,80 € Memleketim Seti Belgesel Film (26 VCD Birarada) 79,00 € 29,90 € Çocuğum Almanca Ögreniyor Seti (3 Kitap Birarada) Ömer Yaprakkıran 32,00 € 19,90 € Büyük Aşk Romanları Seti (7 Kitap + 1 Hediye Kitap Birarada) Kerime Nadir'in Ölümsüz Eseri bu Sette! Naşide Gökbudak 42,00 € 28,00 € Almanca Eğitim Seti (Yeni) 6 CD + 2 Kitap + 1 Sözlük TV'deki Kampanyamiz Belgin Mungan 71,90 € 37,90 € Almanca Universal Büyük Sözlük 165 Bin Kelime, CD'li 39,90 € 2 Masal Çantası Birarada 28 Masal Kitabı + 2 CD (Renkli Masallar Seti) 74,80 € 34,90 € Büyük Rüya Tabirleri Ansiklopedisi (Ciltli / Büyük Boy / 1216 Sayfa) Yusuf Tavaslı 28,00 € 19,90 € Almanca ve Türkce Sözlük Seti- 2 Sözlük Birarada 14,80 € Bestseller Türk Yazarları Tweet Mahrem Elif Şafak 11,90 € Menge: Yorumlar 1 Yorumlar Mahrem Elif Şafak Görmeye ve görülmeye dair bir roman...  gözbebegi: Insanlarda yuvarlak, hayvanlarin çogunda ise dikine elips biçiminde olan gözbebeginin çapi, irise gelen isigin miktarina göre degisir... Karanlik ve uzaklik büyütür gözbebegini; aydinlik ve yakinlik küçültür. Yani bu kararsiz çember, isik varsa küçülür, isik yoksa büyür. Yakina bakarken de küçüldügüne göre, yakn olan aydinliktir, aydinliktadir. Uzagin payina karanlik düser. Zaten karanligi kimse yakindan görmek istemez. Asik olunca da büyür gözbebegi; demek ki asik olunan hep uzaktadir. Aradaki mesafenin verdigi aciyi azaltmak için, masuka \"gözbebegim!\" diye hitap edilir...\" Elif Safak Öyle güzel ki uçmak... Öyle güzel ki tüyden hafif, uçurtmadan serseri, buhardan oynak, toz zerresinden kıvrak, kar tanesinden savruk olabilmek gökkubbede. Niyetim daha, daha da yükseklere çıkmak. (…) Niyetim gökyüzünde fersah fersah yükselip güneşin gölgesine değerek, bembeyaz bulutların üzerine çıkıp bağdaş kurmak ve bir de oradan bakmak dünyaya. Çünkü bilmek istiyorum aşağıda olup biten her şey görülüyor mu buradan bakıldığında? Merak ediyorum arka bahçelerde sırlanmış sırlar, işlenmiş kabahatler, yarım kalmış oyunlar kaydediliyor mu satır satır, kelime kelime? Bilmek istiyorum bir mahremiyeti var mı insanoğlu-insankızının, insan olmanın?” \"Şafak, Isabel Allende ekolü büyülü gerçekliğin önemli bir mirasçısı olmaktan öte bir yazar. Romanın görkemli gerçeküstücülüğü kayda değer bir zekâyla desteklenmiş.\" The Independent Mahrem Görmeye ve Görülmeye Dair Bir Roman Elif Şafak Kitap Hakkında: “Öyle güzel ki uçmak... Öyle güzel ki tüyden hafif, uçurtmadan serseri, buhardan oynak, toz zerresinden kıvrak, kar tanesinden savruk olabilmek gökkubbede. Niyetim daha, daha da yükseklere çıkmak. (…) Niyetim gökyüzünde fersah fersah yükselip güneşin gölgesine değerek, bembeyaz bulutların üzerine çıkıp bağdaş kurmak ve bir de oradan bakmak dünyaya. Çünkü bilmek istiyorum aşağıda olup biten her şey görülüyor mu buradan bakıldığında? Merak ediyorum arka bahçelerde sırlanmış sırlar, işlenmiş kabahatler, yarım kalmış oyunlar kaydediliyor mu satır satır, kelime kelime? Bilmek istiyorum bir mahremiyeti var mı insanoğlu-insankızının, insan olmanın?” Şafak, Isabel Allende ekolü büyülü gerçekliğin önemli bir mirasçısı olmaktan öte bir yazar. Romanın görkemli gerçeküstücülüğü kayda değer bir zekâyla desteklenmiş. The Independent \"Uyumsuzluklara ve toplumun bunlara nasıl baktığına dair çok katmanlı bir metin. Sıradışı, sanrılı bir roman…\" Kirkus Reviews (300 Sayfa) ----- www.turkkitabevi.org Türk Kitabevi adresi: Münchener Str. 13 / 60329 Frankfurt/M  Türk Kitabevi Telefonu: 0049 / 69 25 05 06 ISBN : 978-605-111-467-5 Yazar : Elif Şafak Yayın evi : Dogan Kitap Mahrem Elif Şafak 11,90 € Menge: Weitere Informationen Elif Şafak Hakkinda: Strasbourg doğumlu Elif Şafak, çocukluğunu ve gençliğini Ankara, Madrid, Amman, Köln, İstanbul, Boston, Michigan ve Arizona’da geçirdi. ODTÜ Uluslararası İlişkiler Bölümü’nü bitirdi, yüksek lisansını aynı üniversitede Kadın Çalışmaları Bölümü’nde, doktorasını ise siyasetbilimi alanında tamamladı. İlk romanı Pinhan’la 1998 Mevlâna Büyük Ödülü’nü aldı. Bunu Şehrin Aynaları (1999) ve Türkiye Yazarlar Birliği Ödülü’nü kazandığı Mahrem izledi (2000). Ardından her ikisi de çok satan ve geniş bir okur kitlesine ulaşan Bit Palas (2002) ve İngilizce kaleme aldığı Araf (2004) yayımlandı. MedCezir’de (2005) kadınlık, kimlik, kültürel bölünme, dil ve edebiyat konulu yazılarını topladı. 2006’da senenin en çok okunan kitabı olan Baba ve Piç yayımlandı. Ardından aylarca satış listelerinden inmeyen ilk otobiyografik kitabı Siyah Süt’ü yazdı. Doğan Kitapçılık tarafından 2009 martında yayımlanan Aşk Türk yayıncılık dünyasında önemli bir rekora imza atarak, en kısa sürede en çok satan roman oldu. Tüm eserlerinden seçkiler niteliğinde olan Kâğıt Helva Aralık 2009’da, gazete yazılarından derlediği Firarperest Kasım 2010’da yine Doğan Kitapçılık tarafından yayımlandı.  Eserleri otuz dile çevrilen Elif Şafak’ın romanları Viking, Penguin, Rizzoli ve Phebus gibi dünyanın en önemli yayınevleri tarafından yayımlanmaktadır.   Yazar: Daha fazlası Mahrem 11,90 € Ustam ve Ben Elif Şafak'ın Yeni Kitabı 14,90 € Şemspare (Elif Şafak'ın çok Satan Kitabı) 9,70 € Iskender Tartışılıyor 2 Olay Kitap Birlikte 17,80 € 4 Yazardan 4 Kitap Seti Elif Şafak'ın Romanı kampanyamızda!  % 50 Indirimli 35,70 € 17,85 € İskender 12,90 € Kağıt Helva (Ciltsiz) 9,90 € Firarperest 8,90 € Aşk (Ciltli) 17,90 € Kagit Helva 12,90 € Pinhan 9,00 € Aşk 12,90 € Aşk 12,90 € Bit Palas 13,90 € Şehrin Aynaları 11,00 € Med-Cezir 9,00 € Araf 14,90 € Baba ve Piç 14,90 € Siyah Süt 12,90 € Bu ürünü alanlar başka neler almışlar?   Dinimin Direği Namaz Tam Namaz Hocası (Renkli ve Resimli) 8,20 € Baba ve Piç 14,90 € Araf 14,90 € Bit Palas 13,90 € Şehrin Aynaları 11,00 € Siyah Süt 12,90 € Aşk 12,90 € Med-Cezir 9,00 € Bizim Gizli Bahcemizden 14,90 € Herkes Kendi Acisini Yasiyor 8,90 € Alevilik Müslümanlik mi? 7,90 € Yasemin'in Çığlığı Ben Bir Eorinmanım 8,20 € Bir Acı Hikaye 8,20 € 4,95 € Secret (SIR) Ciltli 11,95 € Ateşte Yeşerdim 5,90 € Türk Hikayeleri ve Masal Seti 3 Kitap Birarada 11,50 € Agridagi Efsanesi 5,70 € Sevdalinka 9,70 € Adami Zorla Deli Ederler 3,90 € Girit'ten Cunda'ya 8,20 € Kar 13,90 € Veda / Esir Sehirde Bir Konak - TV Dizisinden önce Kitabını Okuyun! 5,95 € Küçüğe Bir Dondurma 7,70 € Dale Carnegie Bütün Eserleri 19,90 € Değerlendirme Yeni değerlendirme Eklenildiği tarih: 14-01-2011 Yazar: elif merhaba,mahrem in diger bicok safak kitabi gibi bircok dilde yayinlandigini duymustum..acaba almanca olan var mi,varsa temin etmeniz mümkün mü?? Çok satan * KITAPLAR 01 Aşk Elif Şafak   02 Şemspare (Elif Şafak'ın çok Satan Kitabı) Elif Şafak   03 Ustam ve Ben Elif Şafak'ın Yeni Kitabı Elif Şafak   04 Baba ve Piç Elif Şafak   05 Mahrem Elif Şafak   06 İskender Elif Şafak   07 Firarperest Elif Şafak   08 Siyah Süt Elif Şafak   09 Araf Elif Şafak   10 Aşk Elif Şafak   11 Pinhan Elif Şafak   12 4 Yazardan 4 Kitap Seti Elif Şafak'ın Romanı kampanyamızda!  % 50 Indirimli Elif Şafak   İndirimdeki * KITAPLAR Oktay Usta ile Ramazan Kampanyası En Yeni Kitabi da Bu sette! (7 Kitap Birarada) TV'deki Yeni Kampanyamız Oktay Aymelek 63,90 € 29,90 € Bestseller Roman Seti 15 Kitap Birarada TV'deki Yeni Kampanyamız Mario Mazzanti 137,30 € 29,90 € 5'li Kuran-ı Kerim Meali Seti (Dünya'da Bir Ilk, Rahle Boy Beşli Kuran-ı Kerim)  2 Kitap + 1 DVD Birlikte Elmalılı Hamdi Yazir 59,80 € 29,90 € Yeni * KITAPLAR Hafızanızla Mucizeler Yaratın Kenneth L. Higbee 9,90 € Mega Bulmaca   (102. Sayi / 24 Sayfa)   Ödüllü Bulmacayı Çöz, Oktay Usta Setini Kazan! 1,50 € Guguk Kuşu Robert Galbraith 14,95 € 5. Dalga Rick Yancey 14,90 € Kilo Almadan Sigarayı Bugün Bırakın Paul Mckenna 11,90 € Milena'ya Mektuplar Franz Kafka 14,95 € 06.Tem.2014 14:39:43 Teslimat, gönderme ve iptal hakkı | İletişim | Künye | Sözleşme oluşumu | Paketleme kuralları Alle Rechte geschützt © 1980-2009 TÜRK KITABEVI : Webmaster Design TÜRK KITABEVI   Frankfurt Mağazamız Adresse: TÜRK KITABEVI INTERNETSHOP Münchenerstr. 13 60329 Frankfurt ,Ladenöffnungszeiten: Mo. - Sa.: 9.00 - 19.00 Uhr ","title":" Mahrem - Elif Şafak | Türk Kitabevi","desc":"YENI TÜRK KITABEVI GmbH - Mahrem - Elif Şafak","details":{"length":9040,"language":"tr","date":"2014/10/31 16:18:40","type":"text/html","country":""},"crawling":{"duration":"1","date":"2014/10/31 16:18:40"},"metas":[{"name":"robots","value":"index,follow"},{"name":"description","value":"YENI TÜRK KITABEVI GmbH - Mahrem - Elif Şafak"},{"name":"keywords","value":"mahrem, elif şafak, türk kitabevi, roman, türk edebiyatı,aşk, bestseller roman, dogan kitap, , türkkitabevi, türkkitapevi, türk kitabevi, türkischer buchladen, buch, bücher, DVD, musik, onlineshop, Kitap, Film, Müzik"},{"name":"og:title","value":"Mahrem"},{"name":"og:type","value":"book"},{"name":"og:book:author","value":"Elif Şafak"},{"name":"og:book:isbn","value":"978-605-111-467-5"},{"name":"og:url","value":"http://www.turkkitap.de/index/show/pID/8109"},{"name":"og:image","value":"http://www.turkkitap.de/images/thumb/1270998700.jpg"},{"name":"og:site_name","value":"Türk Kitabevi"},{"name":"fb:admins","value":"715838719"},{"name":"og:description","value":"Görmeye ve görülmeye dair bir roman...  gözbebegi: Insanlarda yuvarlak, hayvanlarin çogunda ise dikine elips biçiminde olan gözbebeginin çapi, irise gelen isigin miktarina göre degisir... Karanlik ve uzaklik büyütür gözbebegini; aydinlik ve yakinlik küçültür. Yani bu kararsiz çember, isik varsa küçülür, isik yoksa büyür. Yakina bakarken de küçüldügüne göre, yakn olan aydinliktir, aydinliktadir. Uzagin payina karanlik düser. Zaten karanligi kimse yakindan görmek istemez. Asik olunca da büyür gözbebegi; demek ki asik olunan hep uzaktadir. Aradaki mesafenin verdigi aciyi azaltmak için, masuka gözbebegim! diye hitap edilir... Elif Safak  Öyle güzel ki uçmak... Öyle güzel ki tüyden hafif, uçurtmadan serseri, buhardan oynak, toz zerresinden kıvrak, kar tanesinden savruk olabilmek gökkubbede. Niyetim daha, daha da yükseklere çıkmak. (…) Niyetim gökyüzünde fersah fersah yükselip güneşin gölgesine değerek, bembeyaz bulutların üzerine çıkıp bağdaş kurmak ve bir de oradan bakmak dünyaya. Çünkü bilmek istiyorum aşağıda olup biten her şey görülüyor mu buradan bakıldığında? Merak ediyorum arka bahçelerde sırlanmış sırlar, işlenmiş kabahatler, yarım kalmış oyunlar kaydediliyor mu satır satır, kelime kelime? Bilmek istiyorum bir mahremiyeti var mı insanoğlu-insankızının, insan olmanın?”  Şafak, Isabel Allende ekolü büyülü gerçekliğin önemli bir mirasçısı olmaktan öte bir yazar. Romanın görkemli gerçeküstücülüğü kayda değer bir zekâyla desteklenmiş.  The Independent   Mahrem Görmeye ve Görülmeye Dair Bir Roman Elif Şafak  Kitap Hakkında: “Öyle güzel ki uçmak... Öyle güzel ki tüyden hafif, uçurtmadan serseri, buhardan oynak, toz zerresinden kıvrak, kar tanesinden savruk olabilmek gökkubbede. Niyetim daha, daha da yükseklere çıkmak. (…) Niyetim gökyüzünde fersah fersah yükselip güneşin gölgesine değerek, bembeyaz bulutların üzerine çıkıp bağdaş kurmak ve bir de oradan bakmak dünyaya. Çünkü bilmek istiyorum aşağıda olup biten her şey görülüyor mu buradan bakıldığında? Merak ediyorum arka bahçelerde sırlanmış sırlar, işlenmiş kabahatler, yarım kalmış oyunlar kaydediliyor mu satır satır, kelime kelime? Bilmek istiyorum bir mahremiyeti var mı insanoğlu-insankızının, insan olmanın?”Şafak, Isabel Allende ekolü büyülü gerçekliğin önemli bir mirasçısıolmaktan öte bir yazar. Romanın görkemli gerçeküstücülüğü kaydadeğer bir zekâyla desteklenmiş.The IndependentUyumsuzluklara ve toplumun bunlara nasıl baktığına dair çok katmanlı bir metin. Sıradışı, sanrılı bir roman…Kirkus Reviews  (300 Sayfa) -----www.turkkitabevi.orgTürk Kitabevi adresi: Münchener Str. 13 / 60329 Frankfurt/M Türk Kitabevi Telefonu: 0049 / 69 25 05 06"}],"uri":{"protocol":"http","domain":"de.turkkitabevi24.","url":"http://turkkitabevi24.de/mahrem/id/8109"}}},{"_index":"de_content_201410","_type":"resourceQ","_id":"http://codesi.de/essen-und-trinken.html?contains=ca_140_g%2cca_6_g%2cca_12_g%2c24_schoko_stuckchen%2c100_g%2cca_50_minties_zuckerfrei_mit_stevia_%2cca_5_g","_score":1.0, "_source" : {"body":" Mein Benutzerkonto Anmelden CODESI - Werbung mit Charakter Suche: Auf geht's! 0 Mein Warenkorb Ihr Warenkorb ist leer Büro Geschäftsausstattung Kalender Kugelschreiber Präsentationsmappen Schreib-Sets Schreibblöcke Schreibtischunterlagen Taschenrechner Visitenkarten-Etuis Zettelboxen Auto Ausweistaschen chemische Produkte Eiskratzer Geldbörsen Kennzeichenverstärker Lanyards Parkscheiben Regenschirme Schlüsselanhänger Schlüsseltaschen Sicherheitsartikel Verbandtaschen Werbeplatten Sonstiges Freizeit Geschenkboxen Kinder-Artikel Kosmetik Reisen Taschen Taschenlampen Thermosartikel Uhren Werkzeuge Essen und Trinken Adventskalender Bonbons Dosen Fruchtgummi Gebäck Geschirr Getränke Knabbereien Markenartikel Pfefferminz Schokolade Traubenzucker Zucker Saison Kalender Ostern Reifenwechsel Sommer Weihnachten Winter Streuartikel Feuerzeuge Kugelschreiber Luftballons Textilien Caps Promocaps Hemden und Blusen Jacken Polo-Shirts T-Shirts Sweat-Shirts Werkstatt Räder + Reifen Schlüsselanhänger Schlüsselschränke Werkstattplaner Sonstiges Home Essen und Trinken Essen und Trinken Sortieren nach Reihenfolge Name Preis MIDI-Schokoladen-Täfelchen ab 0,089 € Regular: 0,14 € Zzgl. 7% MwSt., zzgl. Versandkosten Zum Artikel MIDI-Schokoladentäfelchen WEIHNACHTEN ab 0,13 € Regular: 0,145 € Zzgl. 7% MwSt., zzgl. Versandkosten Zum Artikel Ritter SPORT Adventsquadrat ab 1,79 € Regular: 2,49 € Zzgl. 7% MwSt., zzgl. Versandkosten Zum Artikel A5-Schoko-Adventskalender BASIC ab 1,15 € Regular: 1,70 € Zzgl. 7% MwSt., zzgl. Versandkosten Zum Artikel A5-Schoko-Adventskalender BUSINESS ab 1,62 € Regular: 1,89 € Zzgl. 7% MwSt., zzgl. Versandkosten Zum Artikel Bahlsen Zimtstern ab 0,229 € Regular: 0,231 € Zzgl. 7% MwSt., zzgl. Versandkosten Zum Artikel Classic-Schoko-Adventskalender BASIC ab 1,85 € Regular: 2,55 € Zzgl. 7% MwSt., zzgl. Versandkosten Zum Artikel Classic-Schoko-Adventskalender BUSINESS ab 1,85 € Regular: 3,45 € Zzgl. 7% MwSt., zzgl. Versandkosten Zum Artikel Discount-Adventskalender ab 0,75 € Regular: 0,88 € Zzgl. 7% MwSt., zzgl. Versandkosten Zum Artikel Lambertz Zimtstern ab 0,178 € Regular: 0,215 € Zzgl. 7% MwSt., zzgl. Versandkosten Zum Artikel Mini-Trüffel Tischkalender ab 6,75 € Regular: 7,99 € Zzgl. 7% MwSt., zzgl. Versandkosten Zum Artikel Mint-Stick mit Minties ab 0,46 € Regular: 0,54 € Zzgl. 7% MwSt., zzgl. Versandkosten Zum Artikel Sortieren nach Reihenfolge Name Preis Filtern nach Einkaufsoptionen Alles entfernen Kategorie Adventskalender (8) Bonbons (0) Dosen (0) Fruchtgummi (0) Gebäck (2) Geschirr (0) Getränke (0) Knabbereien (2) Markenartikel (4) Pfefferminz (1) Schokolade (6) Traubenzucker (0) Zucker (0) Preis EUR EUR bis Filter Material Inhalt ca. 5 g (1) ca. 6 g (5) ca. 8,5 g (2) ca. 9 g (1) ca. 10 g (5) ca. 15 g (3) ca. 16,5 g (Täfelchen) (1) ca. 20 g (5) ca. 25 g (3) ca. 27 g (1) ca. 27,5 g (1) ca. 40 g (2) ca. 55 g (1) ca. 75 g (2) ca. 8 g (1) 96 g (1) 72 g (1) 70 g (6) 192 g (1) ca. 140 g (1) 100 g (2) 50 g (2) ca. 80 g (1) ca. 12 g (1) 220 ml (1) 250 ml (1) 270 ml (1) 300 ml (1) Ca. 50 Minties, zuckerfrei (mit Stevia) (1) 24 Schoko-Stückchen (6) Entdecken Sie CODESI Entdecken Sie CODESI & sichern Sie sich jetzt ganz bequem unseren Katalog! Katalog anfordern Newsletter abonnieren Wir versorgen Sie in regelmäßigen Abständen mit Top-News rund um Ihre Werbung. Ihre E-Mail-Adresse wird nicht an Dritte weitergegeben. Abonnieren Kontaktieren Sie uns Haben Sie Fragen zu unseren Artikeln oder benötigen Sie unsere Hilfe? Kontaktieren Sie unser CODESI-Serviceteam: 02051/275-200 Schreiben Sie uns eine E-Mail oder nutzen unser Kontaktformular.     © 2013 Normfest GmbH Infos zu Produkten Unternehmen Warum CODESI Das Team AGB Datenschutz Impressum Ihre Suchergebnisse Weitere Produkte anzeigen ","title":"CODESI -  Essen und Trinken","desc":"CODESI ist Ihr Partner für alle Arten von Werbemitteln, Give-aways, Präsenten und kleinen Aufmerksamkeiten. Besonders spezialisiert sind wir dabei auf die Bedürfnisse der Automobilbranche. So ist CODESI bspw. führend im Bereich Kennzeichenverstärker – hinsichtlich des Variantenreichtums, der Veredelungsoptionen oder der Werbemöglichkeiten. CODESI ermöglicht es Ihnen, chemische Produkte wie Service-Sprays, Scheibenreiniger, Frostschutzmittel etc. bereits in Kleinauflagen mit Ihrem Branding bzw. Ihrer individuellen Werbebotschaft zu versehen! Wirtschaftlich können Sie von CODESI nur profitieren, denn wenn Sie mit nur einem Partner den gesamten Werbemittelbereich abdecken, sparen Sie sich eine Menge Zeit, Aufwand und Kosten. Egal ob Standardartikel, Sonderanfertigungen, branchenspezifische Werbemittel oder Full-Service-Lösungen: CODESI liefert Ihnen all dies aus einer Hand!","details":{"length":3750,"language":"de","date":"2014/10/31 16:18:39","type":"application/xhtml+xml","country":""},"crawling":{"duration":"1","date":"2014/10/31 16:18:39"},"metas":[{"name":"description","value":"CODESI ist Ihr Partner für alle Arten von Werbemitteln, Give-aways, Präsenten und kleinen Aufmerksamkeiten. Besonders spezialisiert sind wir dabei auf die Bedürfnisse der Automobilbranche. So ist CODESI bspw. führend im Bereich Kennzeichenverstärker – hinsichtlich des Variantenreichtums, der Veredelungsoptionen oder der Werbemöglichkeiten. CODESI ermöglicht es Ihnen, chemische Produkte wie Service-Sprays, Scheibenreiniger, Frostschutzmittel etc. bereits in Kleinauflagen mit Ihrem Branding bzw. Ihrer individuellen Werbebotschaft zu versehen! Wirtschaftlich können Sie von CODESI nur profitieren, denn wenn Sie mit nur einem Partner den gesamten Werbemittelbereich abdecken, sparen Sie sich eine Menge Zeit, Aufwand und Kosten. Egal ob Standardartikel, Sonderanfertigungen, branchenspezifische Werbemittel oder Full-Service-Lösungen: CODESI liefert Ihnen all dies aus einer Hand!"},{"name":"keywords","value":"T-Shirts, Werbeartikel, Geschenkartikel, Kennzeichenverstärker, Kennzeichenhalter, Kennzeichenschnellbefestigung, KSB, Textildruck, Visitenkarten, Kugelschreiber, Dextro Energy, Werkstatt, Ritter Sport, Bonbons, Ausweis, Schlüssel, Verbandstasche, Warnweste, Kalender, Weihnachten, Oberhausen, Deutschland"},{"name":"robots","value":"INDEX,FOLLOW"}],"uri":{"protocol":"http","domain":"de.codesi.","url":"http://codesi.de/essen-und-trinken.html?contains=ca_140_g%2cca_6_g%2cca_12_g%2c24_schoko_stuckchen%2c100_g%2cca_50_minties_zuckerfrei_mit_stevia_%2cca_5_g"}}},{"_index":"de_content_201410","_type":"resourceQ","_id":"http://asia-handelsshop.de/lohberger-exclusive/festbrennstoffherde/lohberger-varioline/lohberger-mono/lm-50-classic.html?opt=%7b20%7d-1%2c58%2c50%2c54%2c47","_score":1.0, "_source" : {"body":" Kasse Warenkorb Angemeldet als: Gast Mein Warenkorb: 0 Produkte | Gesamt: 0,00EUR Highlights Sonderangebote Neue Produkte Warenkorb öffnen Anmelden Registrieren Impressum Kontakt AGB Mein Konto OK Neues Konto Passwort vergessen? Mein Warenkorb Produkte: 0 Gesamt: 0,00EUR Warenkorb öffnen Home A-Z Erweiterte Suche Aktuelle Position : Startseite » LOHBERGER EXCLUSIVE » Festbrennstoffherde » Lohberger Varioline » Lohberger MONO » LM 50 Classic  Produkt 2 / 4  LM 50 Classic vorheriges Bild | nächstes Bild | ausblenden LOHBERGER LM 50 Classic Wir erstellen Ihnen gerne ein individuelles Angebot für unsere Ausstellungsstücke.  Lieferzeit von 3 bis 5 Tagen Bestand: 5 Dieses Produkt ist versandkostenfrei! 3.666,98EUR (Stück) inkl. 19% MwSt. inkl. Versand Menge x Warenkorb Optionen:Bitte wählen Sie eine der möglichen Optionen aus: Zusatzausstattung Farbe Weiss Farbe Schwarz (+169,99EUR) Farbe Grün (+169,99EUR) Farbe Crema (+169,99EUR) Farbe Nachtblau (+169,99EUR) Farbe ANTHRAZIT METALLIC (+169,99EUR) Ceranfeld (+220,99EUR) Sichtfenster im Feuerraum (+393,00EUR) Einbauvariante für LC 70 Classic und LC 75 A Classc ( Farbe anth Rauchabzug oben bei Stahlplatte oder Ceranfeld (+45,99EUR) Eleganceset Gold (Herdstange, Türgriff und Luftregler) (+40,00EUR) Zentralheizungseinsatz (ca. 4-5 kW Wasserleistung) (+977,99EUR) Durchheize für nachgelagerten Kachelofen (+604,00EUR) Teilen Produktanfrage Hersteller: Exclusive Lohberger Art-Nr. F2N2 Diese Seite bei ... bookmarken. Produktbeschreibung Stahlplatte oder Ceranfeld Sonderhöhen von 86-92 cm möglich Sockelrücksprung und Herdrahmen passend zur Küche verstellbar Primär- und Sekundärluft getrennt regelbar JETFIRE-Verbrennungstechnik für optimale Brennstoffausbeute. Sonderaustattung Sichtfenster im Feuerraum Brandschutzeinheit Zentralheizungseinsatz für die Warmwasseraufbereitung Wir empfehlen auch LM 40 Classic LM 50 Salzburg LM 40 Salzburg Kategorienauswahl LOHBERGER EXCLUSIVE Festbrennstoffherde Lohberger Varioline Lohberger MONO Lohberger Combi Lohberger STYLE Lohberger Pelletmodul Zubehör für Varioline Lohberger LHS Lohberger REGA Lohberger COOK Pelletkamin Öfen Wichtige Informationen zur Förderung HAUS- und KÜCHENARTIKEL Herstellerauswahl AMT-Bratpfannen Ballarini-Bratpfannen Exclusive Lohberger Fein & Köstlich KAI Japanische Messer Kaiser-Backformen Römertopf SILIT-Kochtöpfe Weck-Einkochautomaten Alle Hersteller Neue Produkte AMT Wok 65,00EUR inkl. 19% MwSt. zzgl. Versand Alle neuen Produkte Wer ist Online? Zur Zeit sind  70 Gäste online. Warenkorb Sie haben 0 Produkt(e) in Ihrem Warenkorb. Gesamtsumme: 0,00EUR Warenkorb öffnen Zur Kasse gehen Sie haben 0 Produkt(e) auf Ihrem Merkzettel. Anmelden E-Mailadresse: Passwort: Anmelden Neukunde? Hier gehts zur Anmeldung. Passwort vergessen? Informationen Versandkosten Unsere AGB Kontakt Impressum Newsletter Herstellerinfo Exclusive Lohberger Exclusive Lohberger Homepage Mehr Produkte Samstag, 05. Juli 2014 | 388027 Zugriffe seit 07.04.2011 Widerrufsrecht| Versandkosten| Datenschutz| AGB| Impressum| Kontakt © by H. u. H. Handels GmbH Alle hier genannten Preise verstehen sich inkl. der gesetzlich festgelegten MwSt. und zzgl. der gewählten Versandkosten. Alle Markennamen, Warenzeichen sowie sämtliche Produktbilder sind Eigentum Ihrer rechtmäßigen Eigentümer und dienen hier nur der Beschreibung. Powered by xonic-solutions Shopsoftware ","title":"LC 70 classic","desc":"Lohberger Beistellherd Classic 70","details":{"length":3371,"language":"de","date":"2014/10/31 16:18:40","type":"application/xhtml+xml","country":""},"crawling":{"duration":"1","date":"2014/10/31 16:18:40"},"metas":[{"name":"Author","value":"Autor: kr2media - www.kr2.de"},{"name":"Publisher","value":"Herausgeber: kr2media - www.kr2.de"},{"name":"Copyright","value":"(c) 2011 Asia Handels GmbH Horst Süßenbach"},{"name":"Description","value":"Lohberger Beistellherd Classic 70"},{"name":"Keywords","value":"Lohberger Beistellherd, Festbrennstoffherd, Zusatzherd, Exclusive Herde, schöne Herde, schönes kochen, faszination kochen, Lohberger com, lohberger varioline, lohberger ligna therm combi, pelletsmodul, kochen mit pellets, Lohberger mono"},{"name":"Page-topic","value":"Baumarkt. Fachhandelsgeschäft für Heimwerker und Firmen"},{"name":"Audience","value":"Alle"},{"name":"Page-type","value":"Online-Shop für Asia Produkte, Haushaltswaren und Geschenkartikel, Tee, Öle, Brände und Essig>"},{"name":"Robots","value":"INDEX,FOLLOW"},{"name":"revisit-after","value":"7 days"},{"name":"og:title","value":"LM 50 Classic"},{"name":"og:description","value":"<p>LOHBERGER LM 50 Classic</p> <p><strong><span style=\"color: #ff0000;\">Wir erstellen Ihnen gerne ein individuelles Angebot für unsere Ausstellungsstücke.</span></strong></p>"},{"name":"og:image","value":"http://www.asia-handelsshop.de/images/thumbnail/produkte/middle/LM50_o_BS15x17_klein.jpg"}],"uri":{"protocol":"http","domain":"de.asia-handelsshop.","url":"http://asia-handelsshop.de/lohberger-exclusive/festbrennstoffherde/lohberger-varioline/lohberger-mono/lm-50-classic.html?opt=%7b20%7d-1%2c58%2c50%2c54%2c47"}}},{"_index":"de_content_201410","_type":"resourceQ","_id":"http://dolphin-community.de/main_bigware_34.php?bigwarecsid=h30m59u8e56lt7vbvlgp7vf0u7&items_id=77","_score":1.0, "_source" : {"body":"   Ihr Warenkorb Ihr Warenkorb: 0 Produkte Home Ihr Konto Kasse Kontakt     Home      AGB      Kontakt      Anmelden      Ihr Konto      Warenkorb      Kasse    Startseite Webmaster        Ihr Konto  |  Warenkorb  |  Kasse    Kategorien    Installation   Modifikationen   Sprachfiles   Templates   Webmaster  Zahlungen   Sonstiges  Impressum Widerrufsbelehrung  Informationen  Liefer- und Versandkosten Privatsphäre und Datenschutz Unsere AGB Kontakt   Produkt Info 36 fertige deutsche Webprojekte, Webmaster PHP Scripte, Demos ansehen! inkl. UST zzgl. Versand Sie bieten hier auf 36 fertige deutschsprachige Webprojekte. Demos finden Sie hier:  DEMO Hier eine Aufstellung der Projekte: 01. Anwaltsverzeichnis 02. Auktionsverzeichnis 03. Babysitter-&Leihoma-Verzeichnis 04. Film-Flohmarkt 05. Gewinnspiel-Verzeichnis 06. Existenzgründerportal 07. Künstlerverzeichnis 08. Regio-Verzeichnis 09. Stadt-Portal 10. Autoteile-Tuning-Webseite 11. Verkaufsagentur 12. Wedding Planner 13. Begleitagentur 14. Privatzimmer-Vermittlung 15. Eltern-Portal 16. Partnervermittlung 17. 2nd-Hand-Agentur 18. Bewerbermanager 19. Bewerbertrainer 20. Casting-Agentur 21. eBook-Verlag 22. Event-Agentur 23. Hauspersonalagentur 24. Hochzeitsagentur 25. Kinderpartyservice 26. Marketing-Agentur 27. blumenladen 28. dartverein 29. erstehilfe 30. fussball 31. munzhand 32. Nachhilfe 33. pc 34. reisebuero 35. sussigkeiten 36. uhren Sie benötigen nur eine Domain und Webspace und können sofort loslegen. Bei jedem Webprojekt ist eine Anleitung bei. Lieferumfang: 36 Webprojekte (siehe Demo) Dieses Produkt haben wir am Montag, 20. Mai 2013 in unseren Katalog aufgenommen. Anzahl: 1 2 3 4 5 6 7 8 9 10 11 12 13 14 15 16 17 18 19 20  Login  E-Mail Adresse: Passwort: (neues Passwort) Neuer Kunde? => Registrieren!  Produkte  Stop Dolphin Spam inkl. UST zzgl. Versand  Schnellsuche    Verwenden Sie Stichworte, um ein Produkt zu finden. erweiterte Suche  Empfehlen    Empfehlen Sie diesen Artikel einfach per E-Mail weiter.  Warenkorb  0 Produkte Kasse  bewerten  Bewerten Sie dieses Produkt! Sonnabend, 05. Juli 2014             2755184 Zugriffe seit Dienstag, 18. Dezember 2012 Preise inkl. gesetzl. MwSt., zzgl. der jeweiligen Versandkosten. Alle Markennamen, Warenzeichen und eingetragenen Warenzeichen sind Eigentum Ihrer rechtmässigen Eigentümer und dienen hier nur der Beschreibung   Dieses Shopsystem wurde entwickelt von Bigware ","title":"dolph-in-forum.de Shop : 36 fertige deutsche Webprojekte, Webmaster PHP Scripte, Demos ansehen! ","desc":"36 fertige deutsche Webprojekte, Webmaster PHP Scripte, Demos ansehen! : Sie bieten hier auf 36 fertige deutschsprachige Webprojekte. Demos finden Sie hier: DEMO  Hier eine Aufstellung der Pro","details":{"length":2408,"language":"de","date":"2014/10/31 16:18:40","type":"text/html","country":""},"crawling":{"duration":"1","date":"2014/10/31 16:18:40"},"metas":[{"name":"description","value":"36 fertige deutsche Webprojekte, Webmaster PHP Scripte, Demos ansehen! : Sie bieten hier auf 36 fertige deutschsprachige Webprojekte. Demos finden Sie hier: DEMO  Hier eine Aufstellung der Pro"},{"name":"keywords","value":"36, fertige, deutsche, Webprojekte, Webmaster, PHP, Scripte, Demos, ansehenSie, bieten, hier, auf, deutschsprachige, WebprojekteDemos, finden, Sie, hier DEMOHier, eine, Aufstellung, der, Projekte01, Anwaltsverzeichnis02, Auktionsverzeichnis03, Babysitter-Leihoma-Verzeichnis04, Film-Flohmarkt05, Gewinnspiel-Verzeichnis06, Existenzgründerportal07, Künstlerverzeichnis08, Regio-Verzeichnis09, Stadt-Portal10, Autoteile-Tuning-Webseite11, Verkaufsagentur12, Wedding, Planner13, Begleitagentur14, Privatzimmer-Vermittlung15, Eltern-Portal16, Partnervermittlung17, 2nd-Hand-Agentur18, Bewerbermanager19, Bewerbertrainer20, Casting-Agentur21, eBook-Verlag22, Event-Agentur23, Hauspersonalagentur24, Hochzeitsagentur25, Kinderpartyservice26, Marketing-Agentur27, blumenladen28, dartverein29, erstehilfe30, fussball31, munzhand32, Nachhilfe33, pc34, reisebuero35, sussigkeiten36, uhrenSie, benötigen, nur, Domain, und, Webspace, können, sofort, loslegenBei, jedem, Webprojekt, ist, Anleitung, beiLieferumfan"}],"uri":{"protocol":"http","domain":"de.dolphin-community.","url":"http://dolphin-community.de/main_bigware_34.php?bigwarecsid=h30m59u8e56lt7vbvlgp7vf0u7&items_id=77"}}},{"_index":"de_content_201410","_type":"resourceQ","_id":"http://1mu.de/deutschland/nordrhein-westfalen/landkreis_wesel/rheinberg","_score":1.0, "_source" : {"body":" Musikveranstaltungen in Rheinberg. Bayern Baden-Württemberg Berlin Bremen Hamburg Hessen Niedersachsen Nordrhein-Westfalen Rheinland-Pfalz Saarland Schleswig-Holstein Brandenburg Mecklenburg-Vorpommern Sachsen Sachsen-Anhalt Thüringen Klick oben oder Suche unten Suchen Konzerte Klassische Konzerte Hard & Heavy HipHop & Soul Jazz & Blues Schlager Konzerte - Weitere Start > Deutschland > Nordrhein-Westfalen > Landkreis Wesel > Rheinberg Rheinberg Musikveranstaltungen in Rheinberg? Leider derzeit nichts, aber wir haben einige Termine und Musikveranstaltungen in der Nähe von Rheinberg in Nordrhein-Westfalen. In der Nähe von RheinbergMehr Musikveranstaltungen in der Nähe von Rheinberg: Übach-Palenberg Billy Cobham Band, Klaus \"Major\" Heuser Band, The Busters, Thorbjörn Risager & The Black Tornado, Hole Full Of Love, Alive & Kicking, Sebastian Sturm  ... Alsdorf Lüül & Band, Marialy Pacheco & Joo Kraus - Introducing, Manfred Leuchter & Ian Melrose - Kein Schöner Land, Samuel Schürmann & Swing.It - \"Swing.It\",  ... Hückelhoven Höhner Weihnacht, The 12 Tenors: 22 Welthits, Höhner - \"Höhner Weihnacht\",  ... Raesfeld musik:landschaft westfalen: OPEN-AIR - Ludwig van Beethoven: Sinfonie Nr. 9 u.a, musik:landschaft westfalen: OPEN-AIR - Una noche espanola - Spanische ... Ahaus AnnenMayKantereit,  ... Hürth Hürther Jazznacht, Joscho Stephan,  ... Sprockhövel Angelika Milster: Begegnungen - Musical trifft Klassik, Peter Orloff + Schwarzmeer-Kosaken-Chor,  ... Frechen Michael Wendler -Willi Herren - Pures Glück u.v.m., Nic - DJ Ötzi Double - Fabio Gandolfo - Die Autohändler Jörg & Dragan,  ... Goch Simon & Garfunkel Revival Band, Simon & Garfunkel Revival Band - Sommer Open Air,  ... Jüchen Niederrhein Musikfestival 2014 - Gitarre Pur - Rafaeil Aguirre, Niederrhein Musikfestival 2014 - Virtuoses Eröffnungskonzert,  ... Kalkar Deutschland sucht den Superstar - Sommer Open-Air 2014, Deutschland sucht den Superstar Sommer Open-Air 2014,  ... Heiden musik:landschaft westfalen: OPEN-AIR MLW Festival Philharmonie, Ltg:: M. Tworek,  ... Wegberg Bläck Föös - Open Air - Pape grillt, Bläck Fööss - Open Air - Pape grillt,  ... Pulheim Karneval der Tiere,  ... Kleve Hannes Wader,  ... Kamp-Lintfort Wie war das noch gestern? 70er Schlager-Revue in Kamp-Lintfort,  ... Titz Peter Orloff + Schwarzmeer-Kosaken-Chor,  ... Xanten Höhner Open-Air,  ... Velen musik:landschaft westfalen: Giora Feidman & Gershwin Quartett - Klezmer & Strings,  ... Hünxe Martin Stadtfeld KFR2014,  ... Monheim Am Rhein Alles erlaubt!,  ... Bedburg Konrad Beikircher: Bayo Bongo,  ... Odenthal Kulturfest auf Gut AmtmannScherf,  ... Coesfeld musik:landschaft westfalen: OPEN-AIR Una noche espanola - Spanische Nacht,  ... Hamminkeln musik:landschaft westfalen: MLW Festival Philharmonie - Penderecki, Mendelssohn,  ... Borken musik:landschaft westfalen: MLW Festival Philharmonie - Rossini, Tschaikowski ..,  ... Reken Aber bitte mit Schlager! Schlagerhits aus den 60ern bis zu aktuellen Hits,  ... Vreden musik:landschaft westfalen: Kammerorch. d.MLW Festival Philharmonie - Penderecki,  ... Isselburg Night Fever - The vey best of the Bee Gees,  ... Jülich Junge Philharmonie Köln,  ... Straelen Johannes Oerding,  ... Rheinberg Informationen: Plz: 47495 KFZ Kennzeichen: WES Koordinaten:  LG: 6.6 BG: 51.5 Karte anzeigen Info: Wikipedia Amazon Musikveranstaltungen in Rheinberg. 1mu.de alles zum Thema Musik, Konzertkalender für aktuelle Musik-Veranstaltungen lokal und im Umkreis. Erleben Sie Tour-Konzerte von Musik-Stars aus der Popmusik sowie Blues- und Jazz-Konzerte, Rock-Konzerte und Festivals, Schlager, Chanson und Weltmusik ... Mit Eintrittskarten-Service: Ihre Konzertkarten oder Tickets können Sie hier gleich online bestellen. Die Karten-Auslieferung erfolgt idR am gleichen Tag. Viel Vergnügen! start | über uns | business | webmaster info | werden sie editor |  impressum ","title":"\nRheinberg in Nordrhein-Westfalen Musikveranstaltungen. Karten und Termine","desc":"Rheinberg in Landkreis Wesel. Aktuelle Konzert-Termine von Rheinberg. Die Tournee-Stationen der Musik-Stars, Bands und Orchester präsentiert von 1mu.de, Musik-Informationen über Live-Konzerte in Deutschland aus Rock, Pop, Jazz, Blues, Schlager, Volksmusik, Chanson und Klassik.","details":{"length":3879,"language":"de","date":"2014/10/31 16:18:42","type":"text/html","country":""},"crawling":{"duration":"1","date":"2014/10/31 16:18:42"},"metas":[{"name":"keywords","value":"Rheinberg, Landkreis Wesel, Nordrhein-Westfalen. , Deutschland, Musik, Livemusik, Konzert, Rock-Konzerte, Pop-Konzerte, Jazz-Konzerte, Blues-Konzerte, Lieder, Folk, Chanson, Chormusik, Klassik, klassische Konzerte, Orchester, Ensembles, Bands, Veranstaltungen, Konzerte, Eintrittskarten, Tickets, Konzertkarten, Karten"},{"name":"description","value":"Rheinberg in Landkreis Wesel. Aktuelle Konzert-Termine von Rheinberg. Die Tournee-Stationen der Musik-Stars, Bands und Orchester präsentiert von 1mu.de, Musik-Informationen über Live-Konzerte in Deutschland aus Rock, Pop, Jazz, Blues, Schlager, Volksmusik, Chanson und Klassik. "},{"name":"author","value":"Escena7 S.L."},{"name":"publisher","value":"Escena7 S.L."},{"name":"copyright","value":"Escena7 S.L."},{"name":"page-topic","value":"Dienstleistungen für Firmen (Corporate Services)"},{"name":"audience","value":"Alle"},{"name":"expires","value":"NEVER"},{"name":"page-type","value":"Kommerzielle Organisation"},{"name":"robots","value":"index,follow"},{"name":"revisit-after","value":"2 days"},{"name":"ProgId","value":"handmade :-)"}],"uri":{"protocol":"http","domain":"de.1mu.","url":"http://1mu.de/deutschland/nordrhein-westfalen/landkreis_wesel/rheinberg"}}},{"_index":"de_content_201410","_type":"resourceQ","_id":"http://luxo24.de/alle.html?manufacturer=1491%2c519%2c590%2c517%2c554%2c549%2c484%2c1484","_score":1.0, "_source" : {"body":" Unsere Webseite verwendet Cookies, um Ihre Navigation zu verbessern. Wenn Sie fortfahren, diese Weibseite zu nutzen, stimmen Sie damit der Verwendung von Cookies zu. OK (Mehr Infos) Skip to Main Content » Hilfe | Mein Benutzerkonto | Geschenkgutscheine | Newsletter | Kontakt: 01805 015447 Warenkorb: 0 Artikel | 0,00 € Search Site Category Navigation: Uhren Top Marken Casio Festina Guess Calvin Klein PREMIUM MARKEN Gucci Rado Raymond Weil Seiko Ananta Maurice Lacroix ...weitere Premium Marken Marken A-Z Adidas Cacharel Calvin Klein Calypso Candino Casio Cerruti Chaumet Citizen Corum Diesel DKNY Ego Emporio Armani Festina Fossil Gant Gucci Guess Hamilton Hugo Boss Black Hugo Boss Orange Ice-Watch Jacques Lemans Jaguar Junkers Just Cavalli Lacoste Lotus Marc Ecko Marcello C. Maurice Lacroix Michael Kors Morgan Nautica Nixon ONE Oris Police Pulsar Rado Raymond Weil Rip Curl Scuderia Ferrari Sector Seiko Skagen Superdry Swiss Military Hanowa Timberland Timex Tom Tailor Tommy Hilfiger TW Steel Viceroy Geschlecht Herren Damen Kinder   Stil Sportlich Klassisch Design / Marken Luxus Schmuck Top Marken Calvin Klein Guess Just Cavalli Marken A-Z Cacharel Calvin Klein Cerruti Chamilia Chaumet DKNY Emporio Armani Fossil Guess Just Cavalli Lotus Style Marc O'Polo ONE Police STORY by Kranz & Ziegler Tom Tailor Tommy Hilfiger Viceroy Geschlecht Herren Damen Kinder   Schmucktyp Kreolen Ringe Armbänder Halsketten Ohrringe Anhänger Manschettenknöpfe Schlüsselanhänger Anhänger Armreifen Marken Marken (A - Z) BESONDERE MARKENSHOPS BEI LUXO24 A Adidas asics B Breil Burberry C Cacharel Calvin Klein Calypso Camel Candino Casio Cerruti Chamilia Chaumet Citizen Converse Corum D Dolce & Gabbana E EGO Eletta Emporio Armani F Festina Fossil G Gant Gucci Guess H Hamilton Hugo Boss I Ice-Watch J Jacques Lemans Jaguar Junkers Just Cavalli L Lacoste Lorus Lotus M Marc Ecko Marc O'Polo Marcello C Maurice Lacroix Michael Kors Morgan N Nautica Nixon O ONE Oris P Pierre Cardin Police Pulsar R Rado Raymond Weil Rip Curl Rocco Barocco S Scuderia Ferrari Sector Seiko Smalto Story Superdry Swiss Military Hanowa T Timberland Timex Tom Tailor Tommy Hilfiger TW Steel V Viceroy W WATX&COLORS Sale Uhren Breil Carrera Converse Gucci Ice-Watch Just Cavalli Marc Ecko Maurice Lacroix Mix Sale Oris Pierre Cardin Rado Rocco Barocco Sector Tendence THE ONE ToyWatch Viceroy Schmuck Breil Chaumet D&G DKNY Emporio Armani Mix Sale Tom Tailor Registrieren Home / Alle Schließen Lieferung innerhalb Deutschlands Je nach Bestellwert und Zahlungsweise berechnen wir innerhalb Deutschlands folgende Versandkosten. Bitte beachten Sie, dass bei allen preisreduzierten Artikel Versandkosten anfallen. Für alle anderen Artikel gelten folgende Regeln:   Bis 39,99 € Bestellwert Ab 40,00 € Bestellwert * Nachnahme ** 6,90 € 4,00 € Überweisung 2,90 € 0,00 € * Wenn Sie einen Gutschein besitzen, welcher über eine Online-Gutscheinplattform (z. Bsp.: Groupon, Daily Deal, usw.) erworben wurde, ist der Versand ab einem Bestellwert von 160,00 € kostenlos. Mehr Informationen erhalten Sie hier. ** Sollten Sie die Zahlungsart Nachnahme wünschen, berechnen wir Ihnen eine Nachnahme-Gebühr in Höhe von 4,00 € zusätzlich. Bitte beachten Sie auch, dass bei der Zahlungsart Nachnahme die Post für Einzug und Übermittlung des Nachnahmebetrages eine zusätzliche Gebühr von 2,00 € vom Empfänger erhebt. Die Lieferung an Packstationen ist möglich. Informationen zu Lieferungen ins Ausland finden Sie auf unserer Hilfeseite Versand - International. Sortieren nach Relevanz Produktname (A-Z) Produktname (Z-A) Preis (Aufsteigend) Preis (Absteigend) Zeigen: 48 60 72 Artikel 1 bis 60 von 1222 gesamt Seite 1 von 21: 1 2 3 4 5 6 7 8 9 10 Nächste Guess Damenuhr Viva 219,00 € Neu Guess Halskette New Love 69,90 € Neu Guess Damenuhr Viva 229,00 € Neu Guess Armband New Love 64,90 € Guess Armband Interlocking Love 69,90 € Guess Damenuhr Viva 229,00 € Guess Heart 49,90 € Guess Damenuhr Viva 229,00 € Guess Heart 44,90 € Guess Damenuhr Viva 199,00 € Neu Guess Ohrringe New Love 29,90 € Neu Guess Damenuhr Sunrise 229,00 € Guess Armband Interlocking Love 69,90 € Neu Guess Damenuhr Sunrise 239,00 € Guess Heart 49,90 € Neu Guess Damenuhr Sunrise 219,00 € Guess Damenuhr BFF 219,00 € Guess Heart 44,90 € Guess Damenuhr BFF 229,00 € Neu Guess Ohrringe New Love 29,90 € Superdry Herrenuhr Scuba 119,00 € Hugo Boss Herrenuhr Dubai 150,00 € Guess Damenuhr BFF 279,00 € Guess Armband Interlocking Love 69,90 € Hugo Boss Herrenuhr Classico Round 239,00 € Cacharel Damenuhr Cachette 139,00 € Jacques Lemans Damenuhr Rome Sports 1-1623 89,00 € Hugo Boss Herrenuhr Classico Round 179,00 € Guess Damenuhr Mini Phantom 229,00 € Nautica Herrenchronograph NCT 400 199,00 € Cacharel Damenuhr Cachette 149,00 € Superdry Herrenuhr Scuba 119,00 € Hugo Boss Herrenuhr Dubai 150,00 € Jacques Lemans Damenchronograph Rome Sports 1-1587 129,00 € Guess Heart 54,90 € Nautica Herrenchronograph BFD 101 229,00 € Cacharel Damenuhr Night and Day 99,00 € Guess Heart 44,90 € Hugo Boss Herrenuhr Classico Round 179,00 € Guess Damenuhr Mini Phantom 229,00 € Superdry Herrenuhr Scuba 119,00 € Hugo Boss Herrenuhr Dubai 100,00 € Jacques Lemans Damenchronograph Rome Sports 1-1587 149,00 € Guess Heart 39,90 € Superdry Herrenuhr Scuba 99,00 € Guess Damenuhr Mini Phantom 229,00 € Hugo Boss Herrenuhr Dubai 100,00 € Jacques Lemans Herrenchronograph Lugano 1-1645 149,00 € Hugo Boss Herrenuhr Classico Round 179,00 € Cacharel Damenuhr 99,00 € Cacharel Damenuhr 119,00 € Hugo Boss Herrenuhr Classico Round 239,00 € Guess Damenuhr Mini Pixie 189,00 € Nautica Herrenuhr NST 03 Box Set 199,00 € Superdry Herrenuhr Scuba 99,00 € Hugo Boss Herrenuhr Dubai 100,00 € Guess Halskette Heart and Soul 74,90 € Superdry Unisexuhr Scuba Mirror 89,00 € Hugo Boss Herrenuhr Paris 150,00 € Nautica Herrenchronograph NST Flag 259,00 € Seite 1 von 21: 1 2 3 4 5 6 7 8 9 10 Nächste Ihre auswahl Alle Filter entfernen Marke Filter entfernen Adidas (59) Cacharel Calvin Klein (449) Calypso (319) Candino (222) Casio (294) Cerruti (76) Chamilia (217) Citizen (288) Diesel (122) DKNY (177) EDC by Esprit (1) EGO (47) Emporio Armani (165) Esprit (1) Festina (529) Fossil (176) Gant (98) Gc (39) Gucci (132) Guess Hamilton (153) Hugo Boss Jacques Lemans Jaguar (124) Junkers (101) Just Cavalli (24) Lacoste (82) Lotus (230) Marc Ecko (36) Marc O'Polo (107) Marcello C (15) Maurice Lacroix (152) Michael Kors (156) Morgan (29) Nautica Nixon (153) OI The One (58) ONE (103) Oris Police (153) Pulsar (244) Rado (6) Raymond Weil (102) Rip Curl (44) RoccoBarocco (1) Scuderia Ferrari (44) Sector (14) Seiko (390) Skagen (106) Superdry Swatch (2) Swiss Military Hanowa (105) Timberland (50) Timex (162) Tom Tailor (111) Tommy Hilfiger (130) TW Steel (148) Viceroy Kategorie Uhren (733) Schmuck (489) Geschlecht Herren (518) Damen (739) Preis (EUR) Von An - Stil Sportlich (168) Klassisch (204) Design / Marken (405) Luxus (59) Laufwerk Quarz (546) Automatik (182) Handaufzug (4) Gehäuseform Rund (604) Rechteckig (82) Tonneau (3) Andere (4) Anzeige Analog (728) Analog/Digital (3) Ziffernblattfarbe Armbandmaterial Edelstahl (252) Leder (235) Gummi (213) Titan (6) Kunststoff (7) Keramik (24) Textil (13) Gold (2) Armbandfarbe Schmucktyp Ringe (50) Armbänder (189) Halsketten (157) Ohrringe (92) Schlüsselanhänger (1) Material Edelstahl (66) 925 Silber (102) Silber (140) Leder (34) PVD (17) Rhodiniert (78) Textil (16) Emaille (21) Silikon (1) Metall (144) Holz (1) Kautschuk (1) Farbe   Newsletter Benötigen Sie Hilfe? Kontakt: 01805 015447 (14 Cent/Min. aus dem dt. Festnetz, Mobilfunkpreise max. 42 Cent/Min) Fax:+49 (0)40 380816117 E-Mail: service@luxo24.de LUXO24 Über uns... Kontaktieren Sie uns Newsletter AGB Impressum Datenschutz Service Kontakte Zahlung Versand Geschenkgutscheine Widerrufsbelehrung Rücksendung Mein Benutzerkonto Anmelden Passwort Adresse Bestellhistorie Wunschzettel Top-Suche Calvin Klein Esprit Casio Guess Tommy Hilfiger Festina Ihre Vorteile bei Luxo24: 100% Originalmarken 30 Tage Rückgaberecht Hervorragendes Preis-Leistungs-Verhältnis Pünktliche Lieferzeiten bei allen Artikel Kostenloser Versand ab 40€ Bestellwert Sicherer Bestellvorgang Luxo24.de, Uhren und Schmuck © 2004-2014, Luxo24. Letzte Änderung am 2014-06-29 AGB | Impressum | Datenschutz Kostenlose Lieferung ab 40€ Mehr Infos Hotline: 01805 015447 E-Mail: service@luxo24.de INFORMATION Nach oben ","title":"Alle","desc":"Uhren und Schmuck Online Shop – Luxo24: Große Auswahl, 80 Marken und 8000 Artikel, versandkostenfrei ab 40€,  30 Tage Rückgaberecht.","details":{"length":8384,"language":"de","date":"2014/10/31 16:18:39","type":"application/xhtml+xml","country":""},"crawling":{"duration":"1","date":"2014/10/31 16:18:39"},"metas":[{"name":"description","value":"Uhren und Schmuck Online Shop – Luxo24: Große Auswahl, 80 Marken und 8000 Artikel, versandkostenfrei ab 40€,  30 Tage Rückgaberecht."},{"name":"keywords","value":"Uhren, Uhr, Armbanduhren, Armbanduhr, Damenuhren, Herrenuhren, Schmuck, Halsketten, Ringe, Armbänder, Ohrringe, Charms, Armreifen, Armspangen, Colliers, Luxo24"},{"name":"robots","value":"INDEX,FOLLOW"}],"uri":{"protocol":"http","domain":"de.luxo24.","url":"http://luxo24.de/alle.html?manufacturer=1491%2c519%2c590%2c517%2c554%2c549%2c484%2c1484"}}},{"_index":"de_content_201410","_type":"resourceQ","_id":"http://opel-ig.de/forum/memberlist.php?mode=viewprofile&sid=afb3415b8359c5bf744df2978e1f6d4c&u=64","_score":1.0, "_source" : {"body":" Zum Inhalt   FAQ Registrieren Anmelden Foren-Übersicht Ändere Schriftgröße Du musst registriert und angemeldet sein, um Profile anzuschauen. Benutzername: Passwort: Ich habe mein Passwort vergessen Die Aktivierungs-E-Mail erneut senden Mich bei jedem Besuch automatisch anmelden Meinen Online-Status während dieser Sitzung verbergen   Registrieren Du musst in diesem Forum registriert sein, um dich anmelden zu können. Die Registrierung ist in wenigen Augenblicken erledigt und ermöglicht dir, auf weitere Funktionen zuzugreifen. Die Board-Administration kann registrierten Benutzern auch zusätzliche Berechtigungen zuweisen. Beachte bitte unsere Nutzungsbedingungen und die verwandten Regelungen, bevor du dich registrierst. Bitte beachte auch die jeweiligen Forenregeln, wenn du dich in diesem Board bewegst. Nutzungsbedingungen | Datenschutzrichtlinie Registrieren Foren-Übersicht Das Team • Alle Cookies des Boards löschen • Alle Zeiten sind UTC + 1 Stunde Powered by phpBB © 2000, 2002, 2005, 2007 phpBB Group Design Glossy black by phpBB and BBcodes.com © MX Deutsche Übersetzung durch phpBB.de ixxilon WebDesign ","title":" • Anmelden","desc":null,"details":{"length":1120,"language":"de","date":"2014/10/31 16:18:41","type":"application/xhtml+xml","country":""},"crawling":{"duration":"1","date":"2014/10/31 16:18:41"},"metas":[{"name":"resource-type","value":"document"},{"name":"distribution","value":"global"},{"name":"copyright","value":"2000, 2002, 2005, 2007 phpBB Group"},{"name":"keywords","value":""},{"name":"description","value":""}],"uri":{"protocol":"http","domain":"de.opel-ig.","url":"http://opel-ig.de/forum/memberlist.php?mode=viewprofile&sid=afb3415b8359c5bf744df2978e1f6d4c&u=64"}}},{"_index":"de_content_201410","_type":"resourceQ","_id":"http://naturfreunde-toeging.de/images/mtb/prienerhuette2012/target4.html","_score":1.0, "_source" : {"body":" Walchsee zur Priener Hütte -- 5.jpg Erstes | Vorheriges Bild | Nächstes Bild | Letztes | Miniaturansichten ","title":"5.jpg","desc":null,"details":{"length":108,"language":"de","date":"2014/10/31 16:18:42","type":"text/html","country":""},"crawling":{"duration":"1","date":"2014/10/31 16:18:42"},"metas":[],"uri":{"protocol":"http","domain":"de.naturfreunde-toeging.","url":"http://naturfreunde-toeging.de/images/mtb/prienerhuette2012/target4.html"}}},{"_index":"de_content_201410","_type":"resourceQ","_id":"http://windsurfcenter.de/forum/viewtopic.php?p=11381&sid=6fd88f09168131a8d8a235e041c359cd","_score":1.0, "_source" : {"body":" WSC - Alpilake Das Forum der pro-alpilake-connection Anmelden  FAQ     Suche Aktuelle Zeit: Di Jul 01, 2014 17:52:41 Unbeantwortete Themen | Aktive Themen Foren-Übersicht » Diskussion » Allgemeines Alle Zeiten sind UTC + 2 Stunden [ Sommerzeit ] Kitewiese Moderatoren: Terminator, Stadler, Waldorf, Spyderman    Seite 2 von 3  [ 102 Beiträge ]  Gehe zu Seite Vorherige   1 , 2 , 3   Nächste   Druckansicht Vorheriges Thema | Nächstes Thema  Autor Nachricht Kaktus   Betreff des Beitrags: Re: Kitewiese Verfasst: Di Jan 28, 2014 16:17:07  Board-Doktor Registriert: So Dez 31, 2006 19:32:34 Beiträge: 692 Wohnort: Gotha @Waldorf Ich habe dann auch das kleine Schwarze im Gepäck _________________ Stress entsteht, wenn das Gehirn dem Körper verbietet, jemanden in den Arsch zu treten, der es eigentlich verdient hat. Nach oben       Gogolino   Betreff des Beitrags: Re: Kitewiese Verfasst: Do Jan 30, 2014 12:21:28  fast zu Hause hier Registriert: Fr Okt 03, 2008 14:43:57 Beiträge: 96 Wohnort: Sömmerda Bin Samstag Vormittag am Start, Freitag klappts leider nicht. _________________ steht im Winter noch das Korn, ist es wohl vergessen wordn Nach oben       Stadler   Betreff des Beitrags: Re: Kitewiese Verfasst: Fr Jan 31, 2014 22:50:21  Vorstand / Vize Registriert: Do Nov 04, 2004 15:24:43 Beiträge: 1394 Wohnort: Erfurt / Tiefthal wer Samstag noch aufschlagen will, bringe sich resistentes Schuhwerk mit ! Ebenfalls eine oder mehrere Tassen nicht vergessen ! _________________ Früher zählte das erreichte, heute reicht das erzählte ! Nach oben       Kaktus   Betreff des Beitrags: Re: Kitewiese Verfasst: Sa Feb 01, 2014 22:31:21  Board-Doktor Registriert: So Dez 31, 2006 19:32:34 Beiträge: 692 Wohnort: Gotha Moin Moin Männers und Frauens Dank Zwieback´s wirklich hervorragendem Einsatz, ist die Sache ein voller Erfolg geworden. Ich bin begeistert, auch wenn ich kein Kiter bin und wahrscheinlich auch nicht werde. Sven hat 2 Tage durchgetuckert, aber wie bereits angekündigt, waren wir beim zuschauen nicht tot zu kriegen. Wir sollten uns wohl für unseren Zwieback noch mal was einfallen lassen. Vielleicht gibt Waldorf ihm mal eine Privatstunde, oder etwas ähnliches. Vielleicht darfst du dir demnächst auch einfach immer den besten Parkplatz aussuchen. Ich fand es auch gut, das heute dann doch so viele gekommen sind und mit geholfen haben. Das Ergebnis kann sich auf jeden Fall sehen lassen. Danke auch noch mal an alle die bei der Organisation so super angepackt haben. Vor allem unser Vize hat wieder mal keine Mühen gescheut um die Sache erfolgreich werden zu lassen Wenn wir wollen, können wir schon ganz schön was bewegen. Jetzt freue ich mich schon wieder auf den ersten Surftag. In diesem Sinne Kaktus _________________ Stress entsteht, wenn das Gehirn dem Körper verbietet, jemanden in den Arsch zu treten, der es eigentlich verdient hat. Nach oben       Terminator   Betreff des Beitrags: Re: Kitewiese Verfasst: So Feb 02, 2014 00:51:21  Der mit dem Mast spielt... Registriert: Mi Nov 03, 2004 16:43:17 Beiträge: 1551 Wohnort: Erfurt Ich stimme dem zu! Zitat: Jetzt freue ich mich schon wieder auf den ersten Surftag. Ich auch _________________ Ein Leben ohne Möpse ist möglich, aber sinnlos. (Loriot) Nach oben       Stadler   Betreff des Beitrags: Re: Kitewiese Verfasst: So Feb 02, 2014 13:31:21  Vorstand / Vize Registriert: Do Nov 04, 2004 15:24:43 Beiträge: 1394 Wohnort: Erfurt / Tiefthal hier mal ein paar Fotos von unserem Einsatz Dateianhang: IMG-20140201-WA0023.jpg [ 42.3 KiB | 8280-mal betrachtet ] Dateianhänge: IMG-20140201-WA0024.jpg [ 49.81 KiB | 8280-mal betrachtet ] IMG-20140201-WA0022.jpg [ 58.72 KiB | 8280-mal betrachtet ] IMG-20140201-WA0016.jpg [ 60.86 KiB | 8280-mal betrachtet ] _________________ Früher zählte das erreichte, heute reicht das erzählte ! Nach oben       Waldorf   Betreff des Beitrags: Re: Kitewiese Verfasst: So Feb 02, 2014 13:37:39  Vorstand / Schatzmeister Registriert: Mi Nov 03, 2004 20:28:28 Beiträge: 513 Wohnort: Möbisburg Der Rede von Kaktus ist nichts hinzuzufügen außer ein Lob für Kerstin`s Kuchen ( freu mich schon heute auf den Kaffee) und ein paar ein paar Bilder. Dateianhänge: 20140131_145036.jpg [ 3.34 MiB | 8279-mal betrachtet ] IMG-20140201-WA0011.jpg [ 82.48 KiB | 8279-mal betrachtet ] IMG-20140201-WA0007.jpg [ 73.97 KiB | 8279-mal betrachtet ] IMG-20140201-WA0004.jpg [ 78.49 KiB | 8279-mal betrachtet ] IMG-20140201-WA0000.jpg [ 102.62 KiB | 8279-mal betrachtet ] IMG-20140131-WA0001.jpg [ 71.71 KiB | 8279-mal betrachtet ] _________________ Wer nicht mindestens zwei drittel des Tages für sich hat, ist ein Sklave Nach oben       Stadler   Betreff des Beitrags: Re: Kitewiese Verfasst: So Feb 02, 2014 13:49:07  Vorstand / Vize Registriert: Do Nov 04, 2004 15:24:43 Beiträge: 1394 Wohnort: Erfurt / Tiefthal Waldorf hat geschrieben: Der Rede von Kaktus ist nichts hinzuzufügen außer ein Lob für Kerstin`s Kuchen ( freu mich schon heute auf den Kaffee) und ein paar ein paar Bilder. ..........auch von mir noch ein Lob für Kerstin`s Kuchen....... ,der ist super angekommen, danke !! _________________ Früher zählte das erreichte, heute reicht das erzählte ! Nach oben       Tüte   Betreff des Beitrags: Re: Kitewiese Verfasst: So Feb 02, 2014 23:40:54  fast zu Hause hier Registriert: Sa Feb 12, 2005 11:11:57 Beiträge: 677 Wohnort: Sömmerda Super Egebnis, sehr schönes Flug- und Volleyballfeld, schnell zu erreichen, keine lästigen Zoll- und Sicherheitskontrollen! Werde ich doch mal Kiten gehen ... Vielen Dank an alle Beteiligten, besonders allen Hyperaktiven und Zwieback _________________ Der frühe Vogel kann mich mal! Nach oben       Martong   Betreff des Beitrags: Re: Kitewiese Verfasst: Di Feb 11, 2014 10:22:16  Strippenzieher Registriert: Mo Apr 23, 2007 21:39:46 Beiträge: 226 Wohnort: Erfurt Auch von mir Großes Dankeschön an alle Beteiligten. Durften am Sonntag die Kitekiese einweihen bei herrlichen Bedingungen. Hab mal ein kleines Video mit meinem Weihnachtsgeschenk gemacht (Actioncam) das ich demnächst auch im Videobereich einstelle. http://vimeo.com/86262450 Grüße Martong _________________ manche denken ich steh auf der Leitung...dabei versuche ich nur weise zu wirken Nach oben       ribbchen   Betreff des Beitrags: Re: Kitewiese Verfasst: Di Feb 11, 2014 10:40:30  Sponsor Registriert: Di Apr 20, 2010 21:55:53 Beiträge: 171 Wohnort: Rohrbach Sehr geiles Video. Zum Glück ist´s beim anschauen nicht mehr ganz so kalt. Habt ihr wirklich gut gemacht mit der Kiese, nur brauchen wir jetzt eine Fernsprechanlage damit sich die Kiter mit den Surfern verständigen können! Nach oben       Terminator   Betreff des Beitrags: Re: Kitewiese Verfasst: Di Feb 11, 2014 10:54:50  Der mit dem Mast spielt... Registriert: Mi Nov 03, 2004 16:43:17 Beiträge: 1551 Wohnort: Erfurt Martong, sehr cooler Einstieg Schön übers Eis gesprungen Das Video rettet mir den Tag. Wollte mich gerade von einer Teppichkante schmeißen... Hang loose. Rainer _________________ Ein Leben ohne Möpse ist möglich, aber sinnlos. (Loriot) Nach oben       Stadler   Betreff des Beitrags: Re: Kitewiese Verfasst: Di Feb 11, 2014 12:45:25  Vorstand / Vize Registriert: Do Nov 04, 2004 15:24:43 Beiträge: 1394 Wohnort: Erfurt / Tiefthal moin Männer schön, daß Ihr mir das Forum nicht vergesst, vor lauter WhatsApp _________________ Früher zählte das erreichte, heute reicht das erzählte ! Nach oben       Stadler   Betreff des Beitrags: Re: Kitewiese Verfasst: Do Feb 13, 2014 09:31:35  Vorstand / Vize Registriert: Do Nov 04, 2004 15:24:43 Beiträge: 1394 Wohnort: Erfurt / Tiefthal Das Thema wurde hier von einem Festplattenmanager gesplittet, die Diskussion über die Webseite geht weiter im Alpilake spezial. _________________ Früher zählte das erreichte, heute reicht das erzählte ! Nach oben       Stadler   Betreff des Beitrags: Re: Kitewiese Verfasst: Mo Mär 03, 2014 15:27:39  Vorstand / Vize Registriert: Do Nov 04, 2004 15:24:43 Beiträge: 1394 Wohnort: Erfurt / Tiefthal Am Donnerstag den 6.03 will zieback noch mal mit dem Bagger raus fahren und die restlichen arbeiten machen wer kann am späten Vormittag dabei sein ? Gesendet von Stadlers Nokia 6310i mit Tapatalk _________________ Früher zählte das erreichte, heute reicht das erzählte ! Nach oben       Kaktus   Betreff des Beitrags: Re: Kitewiese Verfasst: Mo Mär 03, 2014 15:52:53  Board-Doktor Registriert: So Dez 31, 2006 19:32:34 Beiträge: 692 Wohnort: Gotha Sorry, aber Donnerstag geht bei mir gar nicht. Freitag wäre machbar. gesendet von mir _________________ Stress entsteht, wenn das Gehirn dem Körper verbietet, jemanden in den Arsch zu treten, der es eigentlich verdient hat. Nach oben       Terminator   Betreff des Beitrags: Re: Kitewiese Verfasst: Mo Mär 03, 2014 15:54:50  Der mit dem Mast spielt... Registriert: Mi Nov 03, 2004 16:43:17 Beiträge: 1551 Wohnort: Erfurt Ich versuche es. Am Mittwoch kann ich genaues sagen. Wollen wir da den Wall verfeinern? _________________ Ein Leben ohne Möpse ist möglich, aber sinnlos. (Loriot) Nach oben       Tommy   Betreff des Beitrags: Re: Kitewiese Verfasst: Mo Mär 03, 2014 16:25:29  fast zu Hause hier Registriert: Do Aug 07, 2008 16:00:37 Beiträge: 163 Wohnort: Kühnhausen Bei mir wie bei Terminator aber ich sag mal zu 70 % zu gesendet mit Tapatalk Nach oben       Erdbeerschorsch   Betreff des Beitrags: Re: Kitewiese Verfasst: Mo Mär 03, 2014 19:52:10  Second onLake 2012 Registriert: Sa Jul 14, 2007 21:16:06 Beiträge: 214 Wohnort: Erfurt Moins, Rentner ham zwar niemals Zeit,aber ich komme raus u.Funki werde ich vieleicht auch überreden können Harke ect.hab ich nicht(kein Gartenzwerg) falls sowas angedacht ist, müßte mir jemand aushelfen? Und wann`s genau losgeht? _________________ Ich mach jetzt genau daß,was ich mir vor 40 Jahren vorgenommen habe; so wenig wie möglich. Nach oben       Waldorf   Betreff des Beitrags: Re: Kitewiese Verfasst: Mo Mär 03, 2014 20:04:56  Vorstand / Schatzmeister Registriert: Mi Nov 03, 2004 20:28:28 Beiträge: 513 Wohnort: Möbisburg Ich komme auch _________________ Wer nicht mindestens zwei drittel des Tages für sich hat, ist ein Sklave Nach oben       Stadler   Betreff des Beitrags: Re: Kitewiese Verfasst: Mo Mär 03, 2014 21:06:15  Vorstand / Vize Registriert: Do Nov 04, 2004 15:24:43 Beiträge: 1394 Wohnort: Erfurt / Tiefthal Steine im uferbereich entfernen, Böschung Begradigen, Damm gerade machen das sollten die Hauptaufgabe sein Gesendet von Stadlers Nokia 6310i mit Tapatalk _________________ Früher zählte das erreichte, heute reicht das erzählte ! Nach oben       ribbchen   Betreff des Beitrags: Re: Kitewiese Verfasst: Mo Mär 03, 2014 21:13:31  Sponsor Registriert: Di Apr 20, 2010 21:55:53 Beiträge: 171 Wohnort: Rohrbach Hab mir's auch mal in den Terminkalender getippt. Wenn nix dazwischen kommt bin ich auch mit am Start! Bitte noch die Uhrzeit hier einstellen. Gesendet von meinem iPhone mit Tapatalk Nach oben       Stadler   Betreff des Beitrags: Re: Kitewiese Verfasst: Mo Mär 03, 2014 21:15:35  Vorstand / Vize Registriert: Do Nov 04, 2004 15:24:43 Beiträge: 1394 Wohnort: Erfurt / Tiefthal Wegen der zeit, da muss Sven selber was sagen Gesendet von Stadlers Nokia 6310i mit Tapatalk _________________ Früher zählte das erreichte, heute reicht das erzählte ! Nach oben       ribbchen   Betreff des Beitrags: Re: Kitewiese Verfasst: Mo Mär 03, 2014 21:17:20  Sponsor Registriert: Di Apr 20, 2010 21:55:53 Beiträge: 171 Wohnort: Rohrbach Hoffentlich hat Zwieback Tapetentalk und liest hier auch manchmal. Gesendet von meinem iPhone mit Tapatalk Nach oben       surfflow   Betreff des Beitrags: Re: Kitewiese Verfasst: Di Mär 04, 2014 09:22:48  Vorstand / Präsident Registriert: Mi Nov 03, 2004 18:24:43 Beiträge: 656 Wohnort: vorübergehend Erfurt Bin Donnerstag bis Montag nicht im Lande... _________________ Geniesse Dein Leben beständig, Du bist länger tod als lebendig.... Nach oben       Stadler   Betreff des Beitrags: Re: Kitewiese Verfasst: Di Mär 04, 2014 09:36:51  Vorstand / Vize Registriert: Do Nov 04, 2004 15:24:43 Beiträge: 1394 Wohnort: Erfurt / Tiefthal stellt euch vor, gestern hat mich der Herr Riegel von K+B angerufen und mich gefragt, wie viel Kies und Muttererde wir nun haben wollen. Bei denen weiss auch keiner was der andere macht, ist schon komisch. mfg stadler _________________ Früher zählte das erreichte, heute reicht das erzählte ! Nach oben       Zwieback   Betreff des Beitrags: Re: Kitewiese Verfasst: Di Mär 04, 2014 10:36:14  Aufsteiger Registriert: Mo Apr 28, 2008 22:22:44 Beiträge: 24 Wohnort: Kerspleben Denke, bin zwischen 8 und 9 am See Nach oben       Tommy   Betreff des Beitrags: Re: AW: Kitewiese Verfasst: Mi Mär 05, 2014 09:01:29  fast zu Hause hier Registriert: Do Aug 07, 2008 16:00:37 Beiträge: 163 Wohnort: Kühnhausen Ich will nur noch mal nach fragen und auf Nummer sicher gehen. Die zweite Aktion am See ist morgen Do. 6.3. Wenn dem so ist bin ich dabei. gesendet mit Tapatalk Nach oben       Tommy   Betreff des Beitrags: Re: Kitewiese Verfasst: Mi Mär 05, 2014 09:03:34  fast zu Hause hier Registriert: Do Aug 07, 2008 16:00:37 Beiträge: 163 Wohnort: Kühnhausen Kann es sein das die Uhr vom Server eine Stunde vor geht da jetzt erst 7 Uhr ist. gesendet mit Tapatalk Nach oben       ribbchen   Betreff des Beitrags: Re: Kitewiese Verfasst: Mi Mär 05, 2014 09:16:53  Sponsor Registriert: Di Apr 20, 2010 21:55:53 Beiträge: 171 Wohnort: Rohrbach Komme so gegen 11.00 Uhr! Hab vorher noch einen Termin reinbekommen. Nach oben       Spyderman   Betreff des Beitrags: Re: Kitewiese Verfasst: Mi Mär 05, 2014 12:30:34  Zeugwart Registriert: Mi Nov 03, 2004 16:31:07 Beiträge: 515 Wohnort: worldwide Tommy hat geschrieben: Kann es sein das die Uhr vom Server eine Stunde vor geht da jetzt erst 7 Uhr ist. gesendet mit Tapatalk Nein, die Uhrzeiteinstellung (Sommerzeit/Winterzeit) kannst Du in Deinem Profil anpassen. Könnte ja sein, dass Du ständig in der Karibik bist und so -5h einstellen müsstest... Gruß Spydy _________________ Bescheidenheit ist eine meiner Tugenden! Nach oben       Waldorf   Betreff des Beitrags: Re: Kitewiese Verfasst: Mi Mär 05, 2014 12:30:50  Vorstand / Schatzmeister Registriert: Mi Nov 03, 2004 20:28:28 Beiträge: 513 Wohnort: Möbisburg Tommy der Server läuft immer auf Sommerzeit bald stimmt die Uhr wieder _________________ Wer nicht mindestens zwei drittel des Tages für sich hat, ist ein Sklave Nach oben       Tommy   Betreff des Beitrags: Re: AW: Kitewiese Verfasst: Mi Mär 05, 2014 12:56:14  fast zu Hause hier Registriert: Do Aug 07, 2008 16:00:37 Beiträge: 163 Wohnort: Kühnhausen Spyderman hat geschrieben: Tommy hat geschrieben: Kann es sein das die Uhr vom Server eine Stunde vor geht da jetzt erst 7 Uhr ist. gesendet mit Tapatalk Nein, die Uhrzeiteinstellung (Sommerzeit/Winterzeit) kannst Du in Deinem Profil anpassen. Könnte ja sein, dass Du ständig in der Karibik bist und so -5h einstellen müsstest... Gruß Spydy Nein das wüsste ich wenn ich in der Karibik wäre. Ich kenne da aber einen . Und Danke gesendet mit Tapatalk Nach oben       Tommy   Betreff des Beitrags: Re: Kitewiese Verfasst: Mi Mär 05, 2014 13:08:13  fast zu Hause hier Registriert: Do Aug 07, 2008 16:00:37 Beiträge: 163 Wohnort: Kühnhausen Okay habs gefunden, ich war auf Osteuropa gesendet mit Tapatalk Nach oben       ribbchen   Betreff des Beitrags: Re: Kitewiese Verfasst: Mi Mär 05, 2014 14:47:44  Sponsor Registriert: Di Apr 20, 2010 21:55:53 Beiträge: 171 Wohnort: Rohrbach Bei mir war's auch falsch eingestellt! Danke für die Info Nach oben       Gogolino   Betreff des Beitrags: Re: Kitewiese Verfasst: Mi Mär 05, 2014 20:06:30  fast zu Hause hier Registriert: Fr Okt 03, 2008 14:43:57 Beiträge: 96 Wohnort: Sömmerda Kann leider nicht, haette aber gern mitgemacht. _________________ steht im Winter noch das Korn, ist es wohl vergessen wordn Nach oben       surfoldi   Betreff des Beitrags: Re: Kitewiese Verfasst: Mi Mär 05, 2014 21:33:21  Lebende Legende Registriert: So Jun 28, 2009 14:47:36 Beiträge: 32 Wohnort: Erfurt Bin morgen auch vor Ort, um Euch ein klein wenig zu helfen. Komme aber erst nach 10:00 Uhr. Nach oben       Terminator   Betreff des Beitrags: Re: Kitewiese Verfasst: Do Mär 06, 2014 11:45:06  Der mit dem Mast spielt... Registriert: Mi Nov 03, 2004 16:43:17 Beiträge: 1551 Wohnort: Erfurt Bin auch gleich da. Habe Schaufel, Harke und Spitzhacke dabei... Geposted von meinem Obst-Handgerät _________________ Ein Leben ohne Möpse ist möglich, aber sinnlos. (Loriot) Nach oben       Kaktus   Betreff des Beitrags: Re: Kitewiese Verfasst: Do Mär 06, 2014 12:00:48  Board-Doktor Registriert: So Dez 31, 2006 19:32:34 Beiträge: 692 Wohnort: Gotha Macht Fotos gesendet von mir mit dem Teflon _________________ Stress entsteht, wenn das Gehirn dem Körper verbietet, jemanden in den Arsch zu treten, der es eigentlich verdient hat. Nach oben       Spyderman   Betreff des Beitrags: Re: Kitewiese Verfasst: Do Mär 06, 2014 13:12:06  Zeugwart Registriert: Mi Nov 03, 2004 16:31:07 Beiträge: 515 Wohnort: worldwide WebCam von 11:11 Uhr Dateianhänge: 000DC5D70849(AlpiCam2)_0_20140306120712_16341.jpg [ 16.71 KiB | 7557-mal betrachtet ] _________________ Bescheidenheit ist eine meiner Tugenden! Nach oben       Terminator   Betreff des Beitrags: Re: Kitewiese Verfasst: Do Mär 06, 2014 16:25:28  Der mit dem Mast spielt... Registriert: Mi Nov 03, 2004 16:43:17 Beiträge: 1551 Wohnort: Erfurt Das war ein sauberes Stück Arbeit heute. Zwieback war der Fleißigste und wir haben auch schön was geschafft. Beginn war 9:00 Uhr. Ende war 14:00 Uhr. Stellvertretend ein Dankeschön an alle die dabei waren und Ihre Zeit geopfert haben (Zwieback, Männe, Rainair, Tommy, Surfoldie und Ribbchen) _________________ Ein Leben ohne Möpse ist möglich, aber sinnlos. (Loriot) Nach oben       Terminator   Betreff des Beitrags: Re: Kitewiese Verfasst: Do Mär 06, 2014 17:27:38  Der mit dem Mast spielt... Registriert: Mi Nov 03, 2004 16:43:17 Beiträge: 1551 Wohnort: Erfurt Zu den Bilder: Rainair und Tommy verjagen gerade einen Bienenschwarm mit Schaufeln und Ein Dino versucht gerade einen springenden Wal zu schnappen _________________ Ein Leben ohne Möpse ist möglich, aber sinnlos. (Loriot) Nach oben       ribbchen   Betreff des Beitrags: Re: Kitewiese Verfasst: Do Mär 06, 2014 17:32:56  Sponsor Registriert: Di Apr 20, 2010 21:55:53 Beiträge: 171 Wohnort: Rohrbach @RainAir Ich denke du wolltest noch was Arbeiten? Gesendet von meinem iPhone mit Tapatalk Nach oben       Waldorf   Betreff des Beitrags: Re: Kitewiese Verfasst: Do Mär 06, 2014 17:35:03  Vorstand / Schatzmeister Registriert: Mi Nov 03, 2004 20:28:28 Beiträge: 513 Wohnort: Möbisburg Besonderen Dank gilt denen die ihre Arbeitszeit geopfert haben bei mir und surfoldi ist es ja nicht so tragisch _________________ Wer nicht mindestens zwei drittel des Tages für sich hat, ist ein Sklave Nach oben       Terminator   Betreff des Beitrags: Re: Kitewiese Verfasst: Do Mär 06, 2014 17:35:50  Der mit dem Mast spielt... Registriert: Mi Nov 03, 2004 16:43:17 Beiträge: 1551 Wohnort: Erfurt @Ribbchen: Was denkst Du denn... _________________ Ein Leben ohne Möpse ist möglich, aber sinnlos. (Loriot) Nach oben       Die Pirouette   Betreff des Beitrags: Re: Kitewiese Verfasst: Do Mär 06, 2014 18:06:14  Ex Präsidente Registriert: Di Nov 09, 2004 12:40:31 Beiträge: 654 Wohnort: Erfurt super aktion. Danke an alle Nach oben       Terminator   Betreff des Beitrags: Re: Kitewiese Verfasst: Do Mär 06, 2014 18:17:42  Der mit dem Mast spielt... Registriert: Mi Nov 03, 2004 16:43:17 Beiträge: 1551 Wohnort: Erfurt Huhu Ex Presidente! Guck mal zu was die völlig überteuerte und unnütze Kamera auch genutzt werden kann. Zur Überwachung der Arbeitseinsätze. Ist doch genial! Davon abgesehen sehe ich wirklich regelmäßig mal auf die Cams. Hat sowas schönes von Selbstgeiselung _________________ Ein Leben ohne Möpse ist möglich, aber sinnlos. (Loriot) Nach oben       Kaktus   Betreff des Beitrags: Re: AW: Kitewiese Verfasst: Do Mär 06, 2014 18:51:44  Board-Doktor Registriert: So Dez 31, 2006 19:32:34 Beiträge: 692 Wohnort: Gotha Was soll ich sagen, prima gemacht. @Waldorf ich hätte auch gerne meine Arbeitszeit geopfert, aber das ist nicht so einfach, wenn man 250 km weit weg ist. Das nächste Mal bin ich bestimmt wieder dabei. Das jetzt alle großen Steine im Uferbeteich weg sind, werden uns unsere Finnen und natürlich auch die Nassauer danken. ;):mrgreen::mrgreen: gesendet von mir mit dem Teflon _________________ Stress entsteht, wenn das Gehirn dem Körper verbietet, jemanden in den Arsch zu treten, der es eigentlich verdient hat. Nach oben       Andi   Betreff des Beitrags: Re: AW: Kitewiese Verfasst: Do Mär 06, 2014 19:09:14  fast zu Hause hier Registriert: Di Okt 09, 2012 09:52:06 Beiträge: 57 Wohnort: Erfurt Habt ihr toll gemacht. _________________ Surfen ist ein windiges Geschäft! Zuletzt geändert von Andi am Do Mär 06, 2014 23:42:17, insgesamt 1-mal geändert. Nach oben       Stadler   Betreff des Beitrags: Re: Kitewiese Verfasst: Do Mär 06, 2014 20:40:21  Vorstand / Vize Registriert: Do Nov 04, 2004 15:24:43 Beiträge: 1394 Wohnort: Erfurt / Tiefthal auch von mir ein dickes Lob an alle Beteiligten und vor allen an die Organisatoren ! wegen der momentan guten Auftragslage konnte ich heute leider nicht am Einsatz teilnehmen, war aber im Gedanken bei Euch. Also nochmals vielen Dank ! mfg Stadler _________________ Früher zählte das erreichte, heute reicht das erzählte ! Nach oben       Beiträge der letzten Zeit anzeigen: Alle Beiträge 1 Tag 7 Tage 2 Wochen 1 Monat 3 Monate 6 Monate 1 Jahr  Sortiere nach Autor Erstellungsdatum Betreff Aufsteigend Absteigend     Seite 2 von 3  [ 102 Beiträge ]  Gehe zu Seite Vorherige   1 , 2 , 3   Nächste Foren-Übersicht » Diskussion » Allgemeines Alle Zeiten sind UTC + 2 Stunden [ Sommerzeit ] Wer ist online? Mitglieder in diesem Forum: 0 Mitglieder und 1 Gast Du darfst keine neuen Themen in diesem Forum erstellen. Du darfst keine Antworten zu Themen in diesem Forum erstellen. Du darfst deine Beiträge in diesem Forum nicht ändern. Du darfst deine Beiträge in diesem Forum nicht löschen. Du darfst keine Dateianhänge in diesem Forum erstellen. Suche nach: Gehe zu:  Wähle ein Forum aus ------------------ Diskussion    Allgemeines    Alpilake spezial    Verein - Inside    Speedrausch    Neues und Abgewetztes    Trips und Tips    Windsurfing-Erfurt e.V.    Kiten und andere Randsportarten    Boardwerkstatt Ärger mit dem Bus    T3 bis T5    Vito / Viano    Ducato/Peugeot/Citroen/Opel/Hyndai und Co.  Powered by phpBB® Forum Software © phpBB Group Deutsche Übersetzung durch phpBB.de ","title":"WSC - Alpilake • Thema anzeigen - Kitewiese","desc":null,"details":{"length":22552,"language":"de","date":"2014/10/31 16:18:39","type":"application/xhtml+xml","country":""},"crawling":{"duration":"1","date":"2014/10/31 16:18:39"},"metas":[{"name":"resource-type","value":"document"},{"name":"distribution","value":"global"},{"name":"keywords","value":""},{"name":"description","value":""},{"name":"twitter:card","value":"app"},{"name":"twitter:app:id:iphone","value":"307880732"},{"name":"twitter:app:url:iphone","value":"tapatalk://www.alpilake.de/forum/?"},{"name":"twitter:app:id:ipad","value":"307880732"},{"name":"twitter:app:url:ipad","value":"tapatalk://www.alpilake.de/forum/?"},{"name":"twitter:app:id:googleplay","value":"com.quoord.tapatalkpro.activity"},{"name":"twitter:app:url:googleplay","value":"tapatalk://www.alpilake.de/forum/?"}],"uri":{"protocol":"http","domain":"de.windsurfcenter.","url":"http://windsurfcenter.de/forum/viewtopic.php?p=11381&sid=6fd88f09168131a8d8a235e041c359cd"}}},{"_index":"de_content_201410","_type":"resourceQ","_id":"http://german-gaming-united.de/index.php/user/246-sthyerx/?s=57b4ef6ec36e55fd2c748ffbde6f74a16c66999b","_score":1.0, "_source" : {"body":" German Gaming United German Gaming United.poll no active poll • show polls German Gaming United.pic of the moment German Gaming United.language switch German Gaming United.random user No userpicture available German Gaming United.articles German Gaming United.downloads German Gaming United.topics German Gaming United.servers German Gaming United.sponsors German Gaming United.partners Main   Clan   Community   Media   Miscellaneous News Archives Articles Calendar FAQ Search About Us Squads Members Matches History Awards Forums Guestbook Registered Users Who is online? Polls Servers Downloads Demos Weblinks Gallery Link Us Sponsors Newsletter Contact Form Fight Us Join Us Imprint German Gaming United.scrolltext No scrolltext available German Gaming United.advertisement no banners German Gaming United.content News German Gaming United.login • register now • lost password? • registered users German Gaming United.hotest news no top news German Gaming United.latest news German Gaming United.squads German Gaming United.matches German Gaming United.demos German Gaming United.upcoming events German Gaming United.shoutbox • Shout!   • Show all German Gaming United.newsletter Register for newsletter mail adress: German Gaming United.statistics 130 Visitors (Today) 53 Visitors (Yesterday) 130 Visitors (Month) 184 Total visits 1 Registered users 0 Users online 0 Guests online • Show statistics   Copyright by German Gaming United  |  CMS powered by webSPELL.org  |   XHTML 1.0 & CSS 2.1 valid W3C standards  |   RSS Feed ","title":"German Gaming United.de | Deine Community®. - News","desc":"Clanpage using webSPELL 4 CMS","details":{"length":1532,"language":"en","date":"2014/10/31 16:18:39","type":"application/xhtml+xml","country":""},"crawling":{"duration":"1","date":"2014/10/31 16:18:39"},"metas":[{"name":"description","value":"Clanpage using webSPELL 4 CMS"},{"name":"author","value":"webspell.org"},{"name":"keywords","value":"webspell, webspell4, clan, cms"},{"name":"copyright","value":"Copyright © 2005 - 2011 by webspell.org"},{"name":"generator","value":"webSPELL"}],"uri":{"protocol":"http","domain":"de.german-gaming-united.","url":"http://german-gaming-united.de/index.php/user/246-sthyerx/?s=57b4ef6ec36e55fd2c748ffbde6f74a16c66999b"}}},{"_index":"de_content_201410","_type":"resourceQ","_id":"http://tvpro-online.de/tvpro/index.php?action=public&mandantid=1292&output=druck&spielerid=16200425&todo=portrait","_score":1.0, "_source" : {"body":" TVPro-online Spielerportrait (01.07.2014 16:31:10) Kasselmann, Michael  Deutschland, SV Friedrichsfeld, TVN (16200425) Quelle der Daten ist das zuletzt gemeldete Turnier: 6.Ferrosa-Stahl-Cup DTB Kat. T 2 , He 30/40/50 , Preisgeld 6000,- Euro Tennisclub Geithe eV, In der Geithe, 59071 Hamm 03.06.2014 - 09.06.2014 Ferrosa-Stahl-Cup He 50 Schreibweise, Nation oder Verein falsch? Dann bitte hier die Hinweise zum Spielerportrait nachlesen. Bilanz der Spiele auf TVPro-online Jahr Spiele Siege Niederlagen 2014 6 2 4 2013 17 10 7 2012 20 13 7 Summe 43 25 18 Fehlt ein Ergebnis? Dann hier klicken zur Neugenerierung des Spielerportraits Ergebnisse 2014 (letztmalig aktualisiert: 09.06.2014 23:11:52) 6.Ferrosa-Stahl-Cup DTB Kat. T 2 , He 30/40/50 , Preisgeld 6000,- Euro Tennisclub Geithe eV, In der Geithe, 59071 Hamm 03.06.2014 - 09.06.2014 Tennisclub Geithe eV, In der Geithe, 59071 Hamm 03.06.2014 - 09.06.2014 Ferrosa-Stahl-Cup He 50 Hauptfeld 207 AF Schuster, Jörg  , TG RW MG (16400170) m.A. ohne Spiel 08.06.2014 Ferrosa-Stahl-Cup He 50 Hauptfeld 304 VF Richardt, Bernd  , TC Geithe (16100003) 2:6 3:6 DUNLOP Senior Tour 2014 Moers (07100314) TC Moers 08 16.04.2014 - 20.04.2014 18.04.2014 Herren 50 Hauptfeld 201 VF Rauter, Peter  , SV Grün-Weiß-Rot Büderich e.V., TA (16103590) 6:1 6:0 19.04.2014 Herren 50 Hauptfeld 301 HF Sander, Ralf  , Rochusclub Düsseldorf e.V. (16400087) 2:6 1:6 8. RTC-Sponsoring-Turnier um den Jacobi & Partner Cup (DTB T2) - auf Asche!!! Ratinger TC GW 1911 e.V. 07.04.2014 - 13.04.2014 08.04.2014 Herren 50 Hauptfeld 112 R1 Schuster, Jörg  , Rochusclub Düsseldorf (16400170) 3:6 6:7 11.04.2014 Herren 50 - Nebenrunde Hauptfeld 201 VF Baas, Michael  , korschenbroicher Tennisclub e.V. (16151416) 6:1 6:1 13.04.2014 Herren 50 - Nebenrunde Hauptfeld 301 HF Baier, Dirk  , THC Brühl (16452466) 4:6 6:7 Ergebnisse 2013 (letztmalig aktualisiert: 15.04.2014 05:40:50) Dunlop Senior Tour 2013 Masters (Einladungsturnier) (07374713) ETUF Essen 16.09.2013 - 22.09.2013 20.09.2013 Herren 50 Hauptfeld 108 AF Ziegler, Ralf  , TC Rot-Weiß Stiepel (16300560) 6:2 6:1 20.09.2013 Herren 50 Hauptfeld 204 VF Browarzik, Martin  , Barmer TC (16000163) 5:2 Aufgabe 21.09.2013 Herren 50 Hauptfeld 302 HF Kellmann, Andreas  , Post-Sportverein Mülheim (16103482) 6:2 6:3 22.09.2013 Herren 50 Hauptfeld 401 FIN Weinforth, Claus  , TUS 84/10 Essen TA (16000005) 1:6 0:3 Aufgabe Offene Ratinger Stadtmeisterschaften 2013 der Senioren T5 Ratinger TC GW 1911 e.V. 31.08.2013 - 15.09.2013 13.09.2013 Herren 50 + 55 Hauptfeld 201 VF Koslowsky, Andreas  , Ratinger TC GW 1911 (16250313) 1:6 2:6 1. ETB Cup im Rahmen der Dunlop Senior Tour 2013 (07390813) ETB Schwarz-Weiss 26.08.2013 - 01.09.2013 27.08.2013 Herren 50 Hauptfeld 201 AF Dohse, Reinhard  , Borbecker TC (16103385) o.A. ohne Spiel DUNLOP Senior Tour 2013 Cappenberg (13383313) TC Cappenberg 22.08.2013 - 25.08.2013 24.08.2013 Herren 50/55 Hauptfeld 201 VF Bruckmann, Jan Peter  , Meidericher TC 03 (15950103) ohne Spiel 7. Stadtwald-Seniors-Cup im Rahmen der Dunlop Senior Tour 2013 (07372713) TC Stadtwald Hilden 11.08.2013 - 18.08.2013 Herren 50 Hauptfeld 203 AF Bartels, Hartmut  , TC Bredeney Essen (16051316) 4:6 0:6 12. DSD Senior Cup 12. DSD Senior Cup (07213613) DSD Düsseldorf 04.08.2013 - 11.08.2013 04.08.2013 H50 (T2) Hauptfeld 109 R1 Bartels, Hartmut  , TC Bredeney (16051316) 5:7 6:0 7:6 06.08.2013 H50 (T2) Hauptfeld 205 AF Wolf, Peter  , TSC Unterfeldhaus (16250062) 6:0 6:3 09.08.2013 H50 (T2) Hauptfeld 303 VF Weinforth, Claus  , TuS 84/10 Essen (16000005) 6:7 5:7 5.Ferrosa-Stahl-Cup DTB Kat. T 2 , He 30/40/50 , Preisgeld 6000,- Euro Tennisclub Geithe eV, In der Geithe, 59071 Hamm 14.05.2013 bis 20.05.2013 Tennisclub Geithe eV, In der Geithe, 59071 Hamm 14.05.2013 - 20.05.2013 18.05.2013 Ferrosa-Stahl-Cup He 50 Hauptfeld 107 AF Keßner, Peter  , TuS 59 Hamm (16200981) 5:7 3:6 7. JSL Senior Open in Leverkusen (ITF Seniors Circuit ab 35+) (06319313) RTHC Bayer Leverkusen u. Senior Tennis Events 20.04.2013 - 28.04.2013 männlich 50+ Hauptfeld 108 R1 WEBER, Karsten (16100036) 3:6 2:6 männlich 50+ NR Hauptfeld 201 HF MALEJKA, Waldemar (16050080) 6:3 6:1 männlich 50+ NR Hauptfeld 301 FIN RITTER, Edgar (16200249) 3:6 6:3 10:3 7. RTC-Sponsoring-Turnier um den spobox.tv Cup DTB - T3 (07146013) Ratinger TC GW 1911 e.V. 14.04.2013 - 21.04.2013 14.04.2013 Herren 50 Hauptfeld 108 R1 Brauckmann, Stephan  , TC RW Fröndenberg v.1946 e.V. (16100111) 3:6 5:7 Senioren-Turnier (KAT T5) H30 - H40 - H50 4. SPORT-ALM-WERNE Cup (13304713) Ruderclub Hamm 08.03.2013 - 10.03.2013 09.03.2013 Herren 50 Hauptfeld 201 VF Primm, Uwe  , HTC 73 Hückeswagen (15902729) 6:2 6:4 10.03.2013 Herren 50 Hauptfeld 301 HF Breilmann, Ulrich  , Meidericher TC 03 (15800001) 6:3 6:3 10.03.2013 Herren 50 Hauptfeld 401 FIN Thiele, Klaus  , TC Rot-Weiß Stiepel (16000057) 6:4 6:0 Ergebnisse 2012 (letztmalig aktualisiert: 15.04.2014 05:40:50) Dunlop Senior Tour 2012 Masters (Einladungsturnier) (07374712) ETUF Essen 11.09.2012 - 16.09.2012 13.09.2012 Herren 50 Hauptfeld 105 AF Öztürk, Bilal  , Etuf Essen (15951458) 6:1 6:1 15.09.2012 Herren 50 Hauptfeld 203 VF Schwarze, Rainer  , TC BW Issum (15800281) 7:5 6:3 15.09.2012 Herren 50 Hauptfeld 302 HF Schwarz, Frank  , TC Schwülper (16200316) 7:6 6:3 16.09.2012 Herren 50 Hauptfeld 401 FIN Breilmann, Dr. Ulrich  , TC Cappenberg (15800001) 4:6 0:6 Offene Ratinger Stadtmeisterschaften 2012 der Senioren T5 (07213212) Ratinger TC GW 1911 e.V. 26.08.2012 - 09.09.2012 05.09.2012 Herren 50 Hauptfeld 102 AF Sieg, Joachim   (16100114) 7:6 5:7 2:6 11. DSD Senior Cup 11. McBurn Senior Cup (07213612 + 07214112) DSD Düsseldorf 05.08.2012 - 12.08.2012 06.08.2012 Herren 50 Hauptfeld 110 R1 Thomas, Jochen  , Bocholter TC BW (15851617) 6:3 6:4 08.08.2012 Herren 50 Hauptfeld 205 AF Schneider, Siegfried  , Post SV Düsseldorf (16101504) 3:6 6:3 7:6 09.08.2012 Herren 50 Hauptfeld 303 VF Sieg, Joachim  , TC Johannesberg (TVN) (16100114) 6:3 6:4 11.08.2012 Herren 50 Hauptfeld 402 HF Weinforth, Claus  , TuS 84/10 Essen (16000005) 3:6 4:6 its-OPEN 2012 (T6) Duisburger Seniorenturnier (07218412) Meidericher TC 29.07.2012 - 05.08.2012 01.08.2012 Herren 50 Hauptfeld 104 AF Gröger, Joachim  , Turnerschaft Rahm (15951507) 6:2 6:0 02.08.2012 Herren 50 Hauptfeld 202 VF Wetzel, Thomas  , TuS 84/10 Essen (15800366) 7:6 6:3 04.08.2012 Herren 50 Hauptfeld 301 HF Vievermans, John  , Dülkener TC (15951665) 3:6 7:6 4:10 Dunlop Senior Tour 2012 Moers 2 (07182012) TC Moers 08 04.07.2012 - 08.07.2012 04.07.2012 Herren 50 Hauptfeld 102 AF Koslowsky, Andreas  , Ratinger TC GW (16250313) 6:7 6:3 7:6 05.07.2012 Herren 50 Hauptfeld 201 VF Cervik, Ralph  , Meidericher TC 03 (15900338) ohne Spiel 4.Ferrosa-Stahl-Cup DTB Kat. T 2 , He 30/40/50 , Preisgeld 5600,- Euro Tennisclub Geithe , 59071 Hamm (DTB/WTV 13274912 T 2) Tennisclub Geithe eV, In der Geithe, 59071 Hamm 22.05.2012 - 28.05.2012 26.05.2012 Ferrosa-Stahl-Cup He 50 Hauptfeld 106 AF Brauckmann, Stephan  , TC Rot-Weiß Stiepel (16100111) 3:6 1:6 6. RTC-Sponsoring-Turnier um den spobox.tv Cup - T4 Einstufung (07146012) Ratinger TC GW 1911 e.V. 08.04.2012 - 15.04.2012 09.04.2012 Herren 50 Qualifikation 205 FIN Seeger, Ulrich  , Dülkener Tennisclub (15751247) 6:2 6:1 10.04.2012 Herren 50 Hauptfeld 102 R1 Jäkel, Karl-Heinz  , homberger tv 1878 (15651447) 6:0 6:4 12.04.2012 Herren 50 Hauptfeld 201 AF Richardt, Bernd  , Tennisclub Geithe (16100003) 0:6 1:6 Senioren-Turnier (KAT T5) H30 - H40 - H50 3. SPORT-ALM-WERNE Cup (Quali ab 03.03.) (13304712) Ruderclub Hamm 08.03.2012 - 11.03.2012 10.03.2012 Herren 50 Hauptfeld 102 VF Primm, Uwe  , HTC 73 Hückeswagen (15902729) 6:2 6:1 10.03.2012 Herren 50 Hauptfeld 201 HF Schotte, Hubert  , Ruderverein Rauxel (16000737) 7:5 6:2 11.03.2012 Herren 50 Hauptfeld 301 FIN Thiele, Klaus  , TC Rot-Weiß Stiepel (16000057) 6:7 2:6 ","title":"TVPro-online Spielerportrait/Kasselmann, Michael (16200425)","desc":null,"details":{"length":7823,"language":"de","date":"2014/10/31 16:18:40","type":"text/html","country":""},"crawling":{"duration":"1","date":"2014/10/31 16:18:40"},"metas":[{"name":"og:title","value":"TVPro-online Spielerportrait/Kasselmann, Michael (16200425)"},{"name":"og:url","value":"http://www.tvpro-online.de/tvpro/index.php?output=druck&action=public&todo=portrait&spielerid=16200425"},{"name":"XXXfb:admins","value":"100001581070760"},{"name":"fb:page_id","value":"136231269742569"},{"name":"og:site_name","value":"TVPro-online"},{"name":"og:image","value":"http://www.tvpro-online.de/tvpro/img/tvpro_logo.png"},{"name":"og:type","value":"sport"}],"uri":{"protocol":"http","domain":"de.tvpro-online.","url":"http://tvpro-online.de/tvpro/index.php?action=public&mandantid=1292&output=druck&spielerid=16200425&todo=portrait"}}},{"_index":"de_content_201410","_type":"resourceQ","_id":"http://forum.stream-made-4you.de/index.php?sid=4214391cfca436ee8149aaa8986c8b64","_score":1.0, "_source" : {"body":" Anmelden Benutzername: Passwort: Mich bei jedem Besuch automatisch anmelden Anmelden • Registrieren Information Foren-Übersicht FAQ Suche Erweiterte Suche Unbeantwortete Themen Aktive Themen Information Dieses Board ist leider derzeit nicht verfügbar. Foren-Übersicht Alle Cookies des Boards löschen Deutsche Übersetzung durch phpBB.de Powered by phpBB® Forum Software © phpBB Group phpBB style by Arty ","title":"Stream-Made-4You-Forum - Information","desc":null,"details":{"length":404,"language":"de","date":"2014/10/31 16:18:39","type":"text/html","country":""},"crawling":{"duration":"1","date":"2014/10/31 16:18:39"},"metas":[],"uri":{"protocol":"http","domain":"de.stream-made-4you.forum.","url":"http://forum.stream-made-4you.de/index.php?sid=4214391cfca436ee8149aaa8986c8b64"}}},{"_index":"de_content_201410","_type":"resourceQ","_id":"http://haudichraus.de/picture/2005_drachen_geschichte_wasserkuppe_005/tags/106-hangegleiter","_score":1.0, "_source" : {"body":" Startseite / Schlagwort Hängegleiter / 2005 Drachen Geschichte Wasserkuppe 005 152/277 Vorschaubilder Zurück Vorwärts Bildgrößen Bildgrößen ✔ winzig (240 x 191) ✔ ziemlich klein (406 x 324) ✔ klein (542 x 432) ✔ mittel (600 x 478) Original Diashow Zeige die Metadaten Herunterladen Schlagwörter Drachen, Drachenfliegen, Drachenkurs, Hängegleiter, HG, Papillon Alben Drachenfliegen / 2005 / Drachen Geschichte Besuche 26 Bewertungsstand noch keine Bewertung Foto bewerten 0 Kommentar Unterstützt von Piwigo | Impressum | präsentiert von PAPILLON.DE ","title":"2005 Drachen Geschichte Wasserkuppe 005 | Gleitschirm-Bilder-Galerie haudichraus von Papillon Paragliding","desc":"2005 Drachen Geschichte Wasserkuppe 005 - 2005_Drachen_Geschichte_Wasserkuppe_005.jpg, Gleitschirmbilder auf haudichraus von Papillon Paragliding","details":{"length":549,"language":"de","date":"2014/10/31 16:18:40","type":"text/html","country":""},"crawling":{"duration":"1","date":"2014/10/31 16:18:40"},"metas":[{"name":"generator","value":"Piwigo (aka PWG), see piwigo.org"},{"name":"keywords","value":"Drachen, Drachenfliegen, Drachenkurs, Hängegleiter, HG, Papillon, gleitschirm, paragliding, bilder, pictures, bild, papillon, wasserkuppe, sauerland, stubai, lüsen"},{"name":"description","value":"2005 Drachen Geschichte Wasserkuppe 005 - 2005_Drachen_Geschichte_Wasserkuppe_005.jpg, Gleitschirmbilder auf haudichraus von Papillon Paragliding"},{"name":"robots","value":"follow"}],"uri":{"protocol":"http","domain":"de.haudichraus.","url":"http://haudichraus.de/picture/2005_drachen_geschichte_wasserkuppe_005/tags/106-hangegleiter"}}},{"_index":"de_content_201410","_type":"resourceQ","_id":"http://mamamiez.de/tag/gewinne/","_score":1.0, "_source" : {"body":" Skip to content Bis einer heult! Das Mama Miez Blog Home Quietschbeu Löwenmäulchen Miezmeedchen Archiv Impressum   Artikel mit folgenden Tags: ‘Gewinne’ 2 28/08/12Die Gewinner des DANKE-Gewinnspiels 6 27/08/12Kleines DANKE-Gewinnspiel Suchen Miez Miez Miez ■ 33 Jahre ■ verheiratet ■ Quietschbeu (*2009) ■ Löwenmäulchen (*2010) ■ Miezmeedchen (*2012) ■ Marketingmensch ■ zwischen Bonn und Köln Klein Bloggersdorf: Storchenliste » Mama Miez ist süchtig nach … Mama Miez’ Partner Mama Miez’ Facebook Seite Empfehlungen zum Thema Hochsensibilität Seiten Startseite Quietschbeu Löwenmäulchen Miezmeedchen Archiv Impressum Letzte Beiträge “Ich bin se Grin Läntan!” SHRED the Miez: Tag 21 Tu Dir gut und fühl Dich wohl! “Hände hoch, oder ich schieße!” Ausgebrannt. Ein Tag in Bildern Von autonomen Zweijährigen SHRED the Miez: Tag 11 12 von 12 im Juni 2014 Wellness und Hübschmach-Miez Letzte Kommentare Mama Miez bei SHRED the Miez: Tag 21 Mama Miez bei SHRED the Miez: Tag 21 Mama Miez bei SHRED the Miez: Tag 21 Christina bei SHRED the Miez: Tag 21 Kenny bei SHRED the Miez: Tag 21 Sandra bei SHRED the Miez: Tag 21 Katrin bei SHRED the Miez: Tag 21 FrauZimt bei SHRED the Miez: Tag 21 Sandra bei SHRED the Miez: Tag 21 Heike bei SHRED the Miez: Tag 21 Kategorien Allgemein Alltag Arzt-/Hebammenbesuche Aus der Küche Bastelkram Blogdings Familie Fundstücke IchIchIch Job Kaufrausch Kinderwunsch Krippe & Kindergarten Kurse, Sport & Co. Löwenmäulchen Mama Miez' Shop Mamasein Miezmann Miezmeedchen Produkttests und Werbung Pscht! Geheim! Quietschbeu Schwangerschaft Unterwegs Über die Autorin \"Mama Miez\" heißt eigentlich Pia, ist 1980 in Köln geboren, verheiratet und Mutter von 3 Kindern (*2009, *2010, *2012). Marketing- und Medienberaterin mit Schwerpunkt Social Media, arbeitet Nebenberuflich als Beraterin/Referentin zum Thema \"Vernetzte Mütter\" und bloggt seit 2002 mal lauter und mal leiser. Virtuell unterwegs auf Facebook, bei Twitter, Pinterest und auf Google+. Hostet by Das Mama Miez' Blog wird gehostet von manitu.de Copyright © 2014 Mama Miez. All rights reserved. ","title":"Gewinne Archives - Bis einer heult! » Bis einer heult! | Das Mama Miez Blog","desc":null,"details":{"length":2077,"language":"de","date":"2014/10/31 16:18:40","type":"application/xhtml+xml","country":""},"crawling":{"duration":"1","date":"2014/10/31 16:18:40"},"metas":[{"name":"copyright","value":"Theme Design: Copyright Jestro LLC"},{"name":"robots","value":"noindex,follow"},{"name":"verify-r1","value":"38c65b906883edfa394daa89e76ac131"},{"name":"robots","value":"noydir"},{"name":"og:locale","value":"de_DE"},{"name":"og:type","value":"website"},{"name":"og:title","value":"Gewinne Archives - Bis einer heult!"},{"name":"og:url","value":"http://www.mamamiez.de/tag/gewinne/"},{"name":"og:site_name","value":"Bis einer heult!"},{"name":"article:publisher","value":"https://www.facebook.com/MamaMiezBlog"},{"name":"og:image","value":"http://www.mamamiez.de/wp-content/uploads/2012/12/miezkinder_logo_s.jpg"},{"name":"generator","value":"WordPress 3.9.1"}],"uri":{"protocol":"http","domain":"de.mamamiez.","url":"http://mamamiez.de/tag/gewinne/"}}},{"_index":"de_content_201410","_type":"resourceQ","_id":"https://rosenwiki.de/index.php?returnto=datei%3aimgp1412-k.jpg&title=spezial:anmelden","_score":1.0, "_source" : {"body":" Anmelden Aus RosenWiki Wechseln zu: Navigation, Suche Anmelden Zur Anmeldung müssen Cookies aktiviert sein. Benutzername: Passwort:   Mit diesem Browser dauerhaft angemeldet bleiben (maximal 30 Tage)   Die Anmeldedaten vergessen? Von „ https://www.rosenwiki.de/index.php/Spezial:Anmelden“ Ansichten Spezialseite Meine Werkzeuge 37.16.72.208 Diskussionsseite dieser IP Anmelden Navigation Hauptseite Rosen von A bis Z Kategorien Aktuelle Ereignisse Letzte Änderungen Zufällige Seite Hilfe Suche   Werkzeuge Spezialseiten Sponsoren fehnladen.de Kalender und Grußkarten mit Pflanzenmotiven Datenschutz Über RosenWiki Impressum ","title":"Anmelden – RosenWiki","desc":null,"details":{"length":625,"language":"de","date":"2014/10/31 16:18:40","type":"text/html","country":""},"crawling":{"duration":"1","date":"2014/10/31 16:18:40"},"metas":[{"name":"generator","value":"MediaWiki 1.18.0"},{"name":"ResourceLoaderDynamicStyles","value":""}],"uri":{"protocol":"https","domain":"de.rosenwiki.","url":"https://rosenwiki.de/index.php?returnto=datei%3aimgp1412-k.jpg&title=spezial:anmelden"}}},{"_index":"de_content_201410","_type":"resourceQ","_id":"http://geldspielfreunde.de/addreply.php?postid=142708","_score":1.0, "_source" : {"body":" Ihnen wird der Zutritt zu dieser Seite verwehrt. Aus einem der folgenden Gründe fehlt Ihnen die Berechtigung, diese Seite zu betreten: Sie sind im Forum nicht angemeldet. Einige Bereiche und Funktionen im Forum sind nur für angemeldete Benutzer zugänglich. Bitte nutzen Sie die Eingabemöglichkeit auf dieser Seite, um sich anzumelden. Falls Sie nicht registriert sind, können Sie dies hier tun. Ihr Benutzeraccount könnte gesperrt worden sein. Melden Sie sich genenfalls ab und kontaktieren den zuständigen Administrator. Es gibt Bereiche im Forum, die bestimmten Benutzern vorbehalten sind. Sie haben möglicherweise versucht einen solchen Bereich zu betreten. Benutzername: Registrierung Passwort: Passwort vergessen Views heute: 3.893 | Views gestern: 18.501 | Views gesamt: 35.557.939 Impressum Forensoftware: Burning Board 2.3.6 pl2, entwickelt von WoltLab GmbH ","title":"Geldspielfreunde  | Ihnen wird der Zutritt zu dieser Seite verwehrt.","desc":null,"details":{"length":867,"language":"de","date":"2014/10/31 16:18:39","type":"application/xhtml+xml","country":""},"crawling":{"duration":"1","date":"2014/10/31 16:18:39"},"metas":[],"uri":{"protocol":"http","domain":"de.geldspielfreunde.","url":"http://geldspielfreunde.de/addreply.php?postid=142708"}}},{"_index":"de_content_201410","_type":"resourceQ","_id":"http://guitar-tv.de/phpbb/viewtopic.php?f=26&p=53232&sid=5f9ae6f05f2311119b180caf58e34a27","_score":1.0, "_source" : {"body":" Das Gitarrenforum für die akustische Gitarre Bei uns ist jeder Gitarrenspieler willkommen! Anmelden    Registrieren FAQ Mitgliederkarte     Suche Aktuelle Zeit: So 6. Jul 2014, 06:22 Unbeantwortete Themen | Aktive Themen Foren-Übersicht » Gemeinsames Spielen Alle Zeiten sind UTC + 1 Stunde Forumtreffen Dormagen 30.5.-1.6.2014    Seite 28 von 30  [ 730 Beiträge ]  Gehe zu Seite Vorherige   1 ... 25 , 26 , 27 , 28 , 29 , 30   Nächste   Druckansicht Vorheriges Thema | Nächstes Thema  Autor Nachricht korgli   Betreff des Beitrags: Re: Forumtreffen Dormagen 30.5.-1.6.2014 Verfasst: So 1. Jun 2014, 20:22  Registriert: Mo 7. Jun 2010, 07:25 Beiträge: 2539 Postleitzahl: 9444 Land: Schweiz Hi Auch die Schweizer sind daheim - nach wenig Stau usw. Foros und Videos auf DP laufen hoch. War echt echt toll - man muss einfach mal dabei sein - am besten immer.... Was immer toll ist, die Menschen mal persönlich kennenzulernen. bis bald fredy _________________ .......viel Spass.......und jeder wie er mag. www.komir.de oder auch w...ahamon.ch Nach oben       Ina   Betreff des Beitrags: Re: Forumtreffen Dormagen 30.5.-1.6.2014 Verfasst: So 1. Jun 2014, 20:37  Registriert: Sa 25. Mai 2013, 00:02 Beiträge: 313 Wohnort: Berlin Postleitzahl: 12619 Land: Deutschland @Sascha @Guitarboy Coole neue Avatare _________________ Gitarrenlehrling im 2.Jahr (Start Mai 2013) Zuletzt geändert von Ina am So 1. Jun 2014, 21:17, insgesamt 2-mal geändert. Nach oben       Hawky   Betreff des Beitrags: Re: Forumtreffen Dormagen 30.5.-1.6.2014 Verfasst: So 1. Jun 2014, 20:39  Registriert: Fr 4. Dez 2009, 22:01 Beiträge: 3056 Wohnort: Berlin Postleitzahl: 13627 Land: Deutschland Hi @all, spät erscheint er aber..... Nach fünfeinhalb Stunden ohne nennenswerte Vorkommnisse bin auch ich in Berlin gegen 16.30 Uhr gelandet. Das Wochenende ist auch aus meiner Sicht der \"Burner\" gewesen. Ich weiss nicht so recht wo ich anfangen soll. Vielleicht zähle ich mal ein paar \"Höhepunkte\" auf!? Da war zB der \"Barré- Workshop\" den Reinhold gegeben hatte, Fredy `s Grundkurs in \" Wie arbeite ich mit der Software Cubase\", dann der Beitrag der \" Frieder- Gruppe\" mit der Aufnahme von dem Stück Planxty Irvin, weiter waren da \" wie verfeinert man ein Nutellabrot? \" sowie das ENDE der unendliche Geschichte \" Tom sucht einen Cowboyhut \" und vieles , vieles mehr.... Doch der Höhepunkt schlechthin war für mich...... Das ich ganz viele liebe Menschen wiedergesehen habe und kennenlernen durfte. Das steht für mich bei solch einem Treffen ganz oben, mit euch zu plaudern, zu spielen und Spass zu haben. Vielen Danke an alle die dazu beigetragen haben! Nach dem Treffen ist vor dem Treffen und so fiebere ich schon 2015 entgegen. Gruss aus Berlin / Uwe P.S. Reinhold ich weiss aber nicht, ob ich deinen Wunsch nachkommen kann und 365 Tage rückwärts zähle _________________ Das ABC der Gitarristen.... http://www.youtube.com/watch?v=d_kLe68jku8&sns=em Nach oben       Ina   Betreff des Beitrags: Re: Forumtreffen Dormagen 30.5.-1.6.2014 Verfasst: So 1. Jun 2014, 20:45  Registriert: Sa 25. Mai 2013, 00:02 Beiträge: 313 Wohnort: Berlin Postleitzahl: 12619 Land: Deutschland Also Hawky, Wenn du das nicht machst, dann fehlt hier aber was! Also ich bin gern bereit dir dabei zu helfen. Und wenn ich mich recht erinnere hat Hanni dir beim letzten Countdown ab und zu mal mitgeholfen beim Runterzählen. Ina _________________ Gitarrenlehrling im 2.Jahr (Start Mai 2013) Nach oben       GuitarBoy   Betreff des Beitrags: Re: Forumtreffen Dormagen 30.5.-1.6.2014 Verfasst: So 1. Jun 2014, 22:16  Registriert: Mo 22. Jul 2013, 20:52 Beiträge: 98 Postleitzahl: 53119 Land: Deutschland Viele schöne Fotos und Videos in der Dropbox. Da ich mich noch nicht gut mit der DB auskenne eine Frage: Bei mir steht das meine Dropbox voll sei und ich keine Daten mehr empfangen kann. Muss ich die Dateien aus den Ordnern ausschneiden? Ich hab sie nur copy/paste behandelt. _________________ Gruß aus Bonn Dirk Sing like no one ist listening, dance like no one is watching. Nach oben       syscrash   Betreff des Beitrags: Re: Forumtreffen Dormagen 30.5.-1.6.2014 Verfasst: So 1. Jun 2014, 23:03  Registriert: Mi 28. Dez 2011, 08:12 Beiträge: 368 Wohnort: Frankfurt am Main Postleitzahl: 65936 Land: Deutschland GuitarBoy hat geschrieben: Muss ich die Dateien aus den Ordnern ausschneiden? Ich hab sie nur copy/paste behandelt. Wenn du sie ausschneidest, dann verschwinden die Dateien auch bei allen anderen, da der Ordner synchron gehalten wird. Bei uns ALLEN Dein Speicherplatz bei Dropbox ist sicher nur 2 GB- 2,5GB(wenn du geworben wurdest), deshalb ist dein Speicherplatz bei Dropbox wohl vollgelaufen. Der Ordner hat inzwischen eine Größe von 2,6+GB, tendenz steigend, was die normalen 2 GB übersteigt. Du kannst deinen Speicher erhöhen, indem du das Tutorial machst und die App installierst, es bei Facebook postest, etc. pp.... für jede Aktion gibt/gab es 250MB. Hier der Link zur Seite wo du das machen kannst https://www.dropbox.com/gs Ich hoffe das reicht, dass du die Bilder bekommen kannst, sonst lad ich dir das ganze, sobald vollständig, gerne bei Google-Drive hoch, sodass du es auch bekommst @Ina Danke Ich schau noch, ob ich ein schönes Bild finde, was sich als Avatar eignet. Bisher war noch keines dabei... Aber ich wollte schonmal ein aktuelleres Bild bis dahin haben _________________ Bis dann Sascha Western-Gitarre: Dreadnought (Walden Natura 500 D560EB) Konzert-Gitarren: Yamaha C80 Spezial Edition Classic - Weltbild Ukulele: Sopran (Kohala Walnut Model:HU212) Spielt/lernt seit dem 20.09.2010 Gitarre - Ukulele seit dem 19.01.2012 Nach oben       GuitarBoy   Betreff des Beitrags: Re: Forumtreffen Dormagen 30.5.-1.6.2014 Verfasst: So 1. Jun 2014, 23:31  Registriert: Mo 22. Jul 2013, 20:52 Beiträge: 98 Postleitzahl: 53119 Land: Deutschland Danke dir hab alles gemacht was dort angegeben war, also auf dem Iphone ,dem Ipad instaliert und das Tutorial gemacht. Leider hat das wohl nicht gereicht. Aber nun zurück zum eigentlichen Thema in diesem Threat: Dormagen 2014 _________________ Gruß aus Bonn Dirk Sing like no one ist listening, dance like no one is watching. Nach oben       korgli   Betreff des Beitrags: Re: Forumtreffen Dormagen 30.5.-1.6.2014 Verfasst: Mo 2. Jun 2014, 08:10  Registriert: Mo 7. Jun 2010, 07:25 Beiträge: 2539 Postleitzahl: 9444 Land: Schweiz Gibt ja bald einen neuen 2015 ?? Dann mind 365 Einträge fredy _________________ .......viel Spass.......und jeder wie er mag. www.komir.de oder auch w...ahamon.ch Nach oben       Röschen   Betreff des Beitrags: Re: Forumtreffen Dormagen 30.5.-1.6.2014 Verfasst: Mo 2. Jun 2014, 08:44  Registriert: Di 24. Jan 2012, 16:19 Beiträge: 488 Wohnort: Fredersdorf Postleitzahl: 15370 Land: Deutschland Guten Morgen,ich habe meine Foto's und Video's in die Dropbox gelegt!Ich habe es irgendwie geschafft Doch es müssen noch Videos gedreht werden.Ich kann das nicht Das eine Video fängt erst etwas Später an,hatte es auf den Schoß zu liegen deswegen noch kein Bild nur Ton.Es ist ein Video für Hansi. Liebe Grüße von Röschen Nach oben       Hawky   Betreff des Beitrags: Re: Forumtreffen Dormagen 30.5.-1.6.2014 Verfasst: Mo 2. Jun 2014, 16:47  Registriert: Fr 4. Dez 2009, 22:01 Beiträge: 3056 Wohnort: Berlin Postleitzahl: 13627 Land: Deutschland Hi ihr lieben des Forumtreffens, ich brauch einmal eure Zustimmung oder Ablehnung .... Weil die Dropbox so voll ist, würde ich gern einige Bilder löschen wollen. Welche? ZB ist mir aufgefallen, dass doch einige verschwommen sind oder fast doppelt Oder von der Qualität nicht so gut sind. Diese würde ich gern löschen wollen. Jeder hat ja seine Bilder auf dem Rechner gesichert. Ein zweiter Vorschlag wäre, wenn das jeder selbst bei seinen Bildern macht. Was sagt ihr dazu? Gruss Uwe _________________ Das ABC der Gitarristen.... http://www.youtube.com/watch?v=d_kLe68jku8&sns=em Nach oben       Schrat   Betreff des Beitrags: Re: Forumtreffen Dormagen 30.5.-1.6.2014 Verfasst: Mo 2. Jun 2014, 18:33  Registriert: Di 19. Jul 2011, 19:05 Beiträge: 609 Wohnort: Hamburg-Bergstedt Postleitzahl: 22359 Land: Deutschland gute Idee Cowboy, hol den Schwamm ich habe alle kopiert und auch schon sortiert, was weg kann LG J v d E _________________ It´s never too late, to start all over again (Steppenwolf) oder auch : besser spät, als nie !! UND: Es wird immer Andere geben, die besser sind Aber!! Die haben bestimmt nicht soviel Spass wie ich Nach oben       karioll   Betreff des Beitrags: Re: Forumtreffen Dormagen 30.5.-1.6.2014 Verfasst: Mo 2. Jun 2014, 20:12  Registriert: Do 22. Dez 2011, 02:35 Beiträge: 1296 Wohnort: Berlin Postleitzahl: 13187 Land: Deutschland Bitte noch etwas warten mit dem löschen, ich suche gerade heraus, was ich runterladen möchte. Ich gebe nachher bescheid, wenn ich durch bin. edit: Habe alles auf meinen Rechner gezogen und sortiere dort, das sind ja UNMENGEN Ich lade jetzt noch ein mp3 von Planxty und einen Film hoch. _________________ Mit Üben kann man der Natur ein Schnippchen schlagen. Nach oben       Röschen   Betreff des Beitrags: Re: Forumtreffen Dormagen 30.5.-1.6.2014 Verfasst: Mo 2. Jun 2014, 21:35  Registriert: Di 24. Jan 2012, 16:19 Beiträge: 488 Wohnort: Fredersdorf Postleitzahl: 15370 Land: Deutschland Ich habe mir auch schon die Fotos auf meinen Rechner geholt. Die Videos aber noch nicht!!!Mache ich morgen Röschen Nach oben       Hawky   Betreff des Beitrags: Re: Forumtreffen Dormagen 30.5.-1.6.2014 Verfasst: Mo 2. Jun 2014, 21:45  Registriert: Fr 4. Dez 2009, 22:01 Beiträge: 3056 Wohnort: Berlin Postleitzahl: 13627 Land: Deutschland Hi Ihr lieben , ich will nicht die ganzen Bilder löschen, sondern nur verschwommene und solche Sachen und eben nur mit Erlaubnis. Ich mach hier nix was nicht gewollt wird. Ich bin auch am Bilder bearbeiten um nicht die DB mit solche Sachen zu belasten. Aber meine DB ist eh voll ob ich meine Bilder noch drauf bekomme weiss ich nicht. Ach ja, sind schöne Sachen dabei wie ich auf der Wiese liege und euch beim spielen fotografiere...... Ach war das wieder schön , seuftz.... Uwe _________________ Das ABC der Gitarristen.... http://www.youtube.com/watch?v=d_kLe68jku8&sns=em Nach oben       moonlight   Betreff des Beitrags: Re: Forumtreffen Dormagen 30.5.-1.6.2014 Verfasst: Mo 2. Jun 2014, 22:05  Registriert: Fr 11. Dez 2009, 13:51 Beiträge: 1943 Wohnort: Oberrhein Land: Deutschland Obwohl schon seit gestern angezeigt wird, dass meine Dropbox voll ist, werden mir Aktualisierungen seltsamerweise angezeigt und ich kann sie auch öffnen. Uwe, räum ruhig ein bisschen auf in der Dropbox, meinen Segen hast du. Es sind auch einige Videoschnipsel dabei, die nicht viel Sinn machen und viel Speicherplatz brauchen. PS: Ein Grasfoto von dir habe ich gemacht... _________________ If you can walk you can dance; if you can talk you can sing Nach oben       karioll   Betreff des Beitrags: Re: Forumtreffen Dormagen 30.5.-1.6.2014 Verfasst: Mo 2. Jun 2014, 22:06  Registriert: Do 22. Dez 2011, 02:35 Beiträge: 1296 Wohnort: Berlin Postleitzahl: 13187 Land: Deutschland ja, Uwe, auf der Wiese, das war ein schöner Moment! Der Film ist auch schön geworden! _________________ Mit Üben kann man der Natur ein Schnippchen schlagen. Nach oben       moonlight   Betreff des Beitrags: Re: Forumtreffen Dormagen 30.5.-1.6.2014 Verfasst: Mo 2. Jun 2014, 22:15  Registriert: Fr 11. Dez 2009, 13:51 Beiträge: 1943 Wohnort: Oberrhein Land: Deutschland Ja, das war schön... \"Planxty Irvin\" hat mir auch Spaß gemacht! _________________ If you can walk you can dance; if you can talk you can sing Nach oben       Hawky   Betreff des Beitrags: Re: Forumtreffen Dormagen 30.5.-1.6.2014 Verfasst: Mo 2. Jun 2014, 22:47  Registriert: Fr 4. Dez 2009, 22:01 Beiträge: 3056 Wohnort: Berlin Postleitzahl: 13627 Land: Deutschland @ Sascha , Ich benötige mal deinen Sachverstand.... Ich habe Zugriff auf die Bilder vom iPad , gehe auf die DB App und schon bin ich drin.... Wenn ich das von i Mac mache, komme ich in die gleiche DB aber der Ordner mit den Bildern ist nicht da. In dieser DB habe ich nicht nur 2,5 sondern 3 GB Platz, nur eben ohne diesen Ordner, er ist nicht zu finden. Habe ich einen Denkfehler? Ist die DB nicht gleich DB? Gruss Uwe _________________ Das ABC der Gitarristen.... http://www.youtube.com/watch?v=d_kLe68jku8&sns=em Nach oben       karioll   Betreff des Beitrags: Re: Forumtreffen Dormagen 30.5.-1.6.2014 Verfasst: Di 3. Jun 2014, 01:28  Registriert: Do 22. Dez 2011, 02:35 Beiträge: 1296 Wohnort: Berlin Postleitzahl: 13187 Land: Deutschland Du musst das auf dein Gerät installieren unter \"erste Schritte\" in der Dropbox. Ein Screenshot liegt in deiner Dropbox, damit du siehst, was ich meine. _________________ Mit Üben kann man der Natur ein Schnippchen schlagen. Nach oben       Hansi   Betreff des Beitrags: Re: Forumtreffen Dormagen 30.5.-1.6.2014 Verfasst: Di 3. Jun 2014, 06:37  Registriert: Di 13. Nov 2012, 20:34 Beiträge: 51 Postleitzahl: 58091 Land: Deutschland @Uwe: Jep, die DB aufzuräumen tut not! Meine ist auch rappelvoll!! @Röschen: ein Video für mich? Leider kann ich es in deiner \"Kiste\" nicht finden. Nach oben       sammy561   Betreff des Beitrags: Re: Forumtreffen Dormagen 30.5.-1.6.2014 Verfasst: Di 3. Jun 2014, 07:24  Registriert: Fr 30. Dez 2011, 15:02 Beiträge: 920 Wohnort: Paderborn Postleitzahl: 33100 Land: Deutschland Moin, gibt es eigentlich auch öffentliche Fotos vom Treffen, damit ich sehen kann, was ich verpasst habe? LG Ansgar _________________ Die drei größten Gitarristenlügen: - beim nächsten Stück spiele ich kein Solo - meine Gitarre ist gestimmt - ich hab´mich nicht lauter gemacht. Nach oben       syscrash   Betreff des Beitrags: Re: Forumtreffen Dormagen 30.5.-1.6.2014 Verfasst: Di 3. Jun 2014, 09:45  Registriert: Mi 28. Dez 2011, 08:12 Beiträge: 368 Wohnort: Frankfurt am Main Postleitzahl: 65936 Land: Deutschland Moin Uwe Hawky hat geschrieben: @ Sascha , Ich benötige mal deinen Sachverstand.... Ich habe Zugriff auf die Bilder vom iPad , gehe auf die DB App und schon bin ich drin.... Wenn ich das von i Mac mache, komme ich in die gleiche DB aber der Ordner mit den Bildern ist nicht da. In dieser DB habe ich nicht nur 2,5 sondern 3 GB Platz, nur eben ohne diesen Ordner, er ist nicht zu finden. Habe ich einen Denkfehler? Ist die DB nicht gleich DB? Ähm... bin etwas überfragt, verstehe deine Frage im Moment nicht wirklich, aber ich versuchs mal so wie ich es verstanden habe. Wie sieht es denn Online aus, also über Safari? Ist der Ordner denn dort zu sehen? Wie sieht am iMac das Statussymbol von der Dropbox aus (oben neben der Uhr) Ist es mit grünen Haken oder ist da ein rotes Kreuz? Das iPad läd die Dateien nicht runter sonder besucht sozusagen die Onlineversion der Dropbox, das Programm am iMac hingegen läd alle Dateien runter und da kann das Problem sein, wenn z.B. die Syncronisation deaktiviert wurde ist der iMac nicht mehr up2date Wenn ich total auf dem Holzweg bin, was deine Frage angeht, dann beschreib mir deine Frage noch mal anders _________________ Bis dann Sascha Western-Gitarre: Dreadnought (Walden Natura 500 D560EB) Konzert-Gitarren: Yamaha C80 Spezial Edition Classic - Weltbild Ukulele: Sopran (Kohala Walnut Model:HU212) Spielt/lernt seit dem 20.09.2010 Gitarre - Ukulele seit dem 19.01.2012 Nach oben       Röschen   Betreff des Beitrags: Re: Forumtreffen Dormagen 30.5.-1.6.2014 Verfasst: Di 3. Jun 2014, 12:01  Registriert: Di 24. Jan 2012, 16:19 Beiträge: 488 Wohnort: Fredersdorf Postleitzahl: 15370 Land: Deutschland So ich habe einige Foto's selber gelöscht.nun sind es nur noch 3 Fotos aber dafür 3 Videos. Gudrun wo kann ich deinen Film Draußen auf der Wiese (Plaxtin Irvin ) finden.Er ist einfach nicht da! Hansi gucke mal in meinen Ordner da sind jetzt 3 Videos dabei.Ich hatte wohl auch keinen Platz mehr in der Dropbox.Nachdem ich die Fotos gelöscht habe sind die Videos da! wenn nicht sage mir Bescheid.Du mußt das Video einen Augenblick laufen lassen bis du was siehst.Ich hatte die Kamera erst auf den Schoß zu liegen,weil ich nur den Gesang aufnehmen wollte. L.G Röschen Nach oben       LeonFR   Betreff des Beitrags: Re: Forumtreffen Dormagen 30.5.-1.6.2014 Verfasst: Di 3. Jun 2014, 14:51  Registriert: Di 7. Jan 2014, 11:06 Beiträge: 114 Postleitzahl: 06128 Land: Deutschland Hey Leute, ich finde es sehr schön, dass ihr soviel Spaß hattet!!! Ich versuche im nächsten Jahr wirklich dabei zu sein. Das hängt halt immer etwas von der Urlaubsplanung auf Arbeit ab. Aber das bekomme ich sicher hin. Gruß Alex Zuletzt geändert von LeonFR am Di 3. Jun 2014, 21:17, insgesamt 1-mal geändert. Nach oben       Röschen   Betreff des Beitrags: Re: Forumtreffen Dormagen 30.5.-1.6.2014 Verfasst: Di 3. Jun 2014, 16:40  Registriert: Di 24. Jan 2012, 16:19 Beiträge: 488 Wohnort: Fredersdorf Postleitzahl: 15370 Land: Deutschland Hallo LeonFR,wir freuen uns auf Jeden der es ermöglichen kann dabei zu sein.Es lohnt sich.Mir hat es sehr gut gefallen.Röschen Nach oben       Beiträge der letzten Zeit anzeigen: Alle Beiträge 1 Tag 7 Tage 2 Wochen 1 Monat 3 Monate 6 Monate 1 Jahr  Sortiere nach Autor Erstellungsdatum Betreff Aufsteigend Absteigend     Seite 28 von 30  [ 730 Beiträge ]  Gehe zu Seite Vorherige   1 ... 25 , 26 , 27 , 28 , 29 , 30   Nächste Foren-Übersicht » Gemeinsames Spielen Alle Zeiten sind UTC + 1 Stunde Wer ist online? Mitglieder in diesem Forum: 0 Mitglieder und 1 Gast Du darfst keine neuen Themen in diesem Forum erstellen. Du darfst keine Antworten zu Themen in diesem Forum erstellen. Du darfst deine Beiträge in diesem Forum nicht ändern. Du darfst deine Beiträge in diesem Forum nicht löschen. Du darfst keine Dateianhänge in diesem Forum erstellen. Suche nach: Gehe zu:  Wähle ein Forum aus ------------------ Anfängerfragen Forumsteilnehmer stellen sich vor Stand der Dinge Transposer/Harmonielehre Verbesserungsvorschläge Spieltechniken Fragen zu den Filmen Kaufberatung Gitarrenzubehör Gitarren reparieren Gitarrenbücher Gitarrenvideos Live Veranstaltungshinweise Gitarrenlinks Software für Gitarre Eigenkompositionen & Coverversionen Meine Gitarre Gemeinsames Spielen Gebrauchte Instrumente Ukulele Off-Topic Zertifikate!  Powered by phpBB® Forum Software © phpBB Group Deutsche Übersetzung durch phpBB.de ","title":"Das Gitarrenforum für die akustische Gitarre • Thema anzeigen - Forumtreffen Dormagen 30.5.-1.6.2014","desc":null,"details":{"length":18210,"language":"de","date":"2014/10/31 16:18:38","type":"application/xhtml+xml","country":""},"crawling":{"duration":"1","date":"2014/10/31 16:18:38"},"metas":[{"name":"resource-type","value":"document"},{"name":"distribution","value":"global"},{"name":"keywords","value":""},{"name":"description","value":""}],"uri":{"protocol":"http","domain":"de.guitar-tv.","url":"http://guitar-tv.de/phpbb/viewtopic.php?f=26&p=53232&sid=5f9ae6f05f2311119b180caf58e34a27"}}},{"_index":"de_content_201410","_type":"resourceQ","_id":"http://otw-clan.de/index.php?page=register&s=4a64e7a410f98eb08d74686aec539f022a4f3094","_score":1.0, "_source" : {"body":" Sie sind nicht angemeldet. Anmelden Registrieren Sprache ändern Deutsch Deutsch (Anrede »Du«) Erweiterte Suche OTW-Clan Portal Forum Mitglieder OTW-Clan » Nutzungsbestimmungen Lieber Besucher, herzlich willkommen bei: OTW-Clan. Falls dies Ihr erster Besuch auf dieser Seite ist, lesen Sie sich bitte die Hilfe durch. Dort wird Ihnen die Bedienung dieser Seite näher erläutert. Darüber hinaus sollten Sie sich registrieren, um alle Funktionen dieser Seite nutzen zu können. Benutzen Sie das Registrierungsformular, um sich zu registrieren oder informieren Sie sich ausführlich über den Registrierungsvorgang. Falls Sie sich bereits zu einem früheren Zeitpunkt registriert haben, können Sie sich hier anmelden. Die Registrierung und Benutzung der Website »OTW-Clan« sind völlig kostenlos. Klicken Sie auf »Akzeptieren«, wenn Sie die hier genannten Regeln und Erklärungen anerkennen. Danach können Sie sich registrieren. Die Administratoren und Moderatoren der Website »OTW-Clan« versuchen, unerwünschte Beiträge von dieser Website fernzuhalten, es ist jedoch unmöglich, alle Inhalte manuell zu überprüfen. Alle Beiträge drücken ausschließlich die Ansichten der Autoren selbst aus. Die Eigentümer der Website »OTW-Clan« oder die WoltLab GmbH (Entwickler der verwendeten Software) können nicht für den Inhalt einzelner Beiträge verantwortlich gemacht werden. Mit dem Vollenden der Registrierung erklären Sie sich damit einverstanden, diese Website nicht für Obszönitäten, Vulgäres, Beleidigungen, Propaganda, (extreme) politische Ansichten oder (verbale) Verstöße gegen das Gesetz zu missbrauchen. Beiträge und Benutzerkonten können durch Moderatoren und Administratoren dieser Website, u.a. aus Gründen des Verstoßes gegen die guten Sitten, ohne weitere Begründung editiert oder gelöscht werden. Viel Spaß beim Nutzen der Website »OTW-Clan«! Teamspeak Shoutbox Archiv Hilfe Impressum Sonntag, 6. Juli 2014, 09:14 Zum Seitenanfang Forensoftware: Burning Board® Lite 2.1.2 pl 1, entwickelt von WoltLab® GmbH Dauerhaft angemeldet bleiben? ","title":"Nutzungsbestimmungen - OTW-Clan","desc":null,"details":{"length":2034,"language":"de","date":"2014/10/31 16:18:39","type":"application/xhtml+xml","country":""},"crawling":{"duration":"1","date":"2014/10/31 16:18:39"},"metas":[{"name":"description","value":""},{"name":"keywords","value":""},{"name":"robots","value":"noindex,nofollow"}],"uri":{"protocol":"http","domain":"de.otw-clan.","url":"http://otw-clan.de/index.php?page=register&s=4a64e7a410f98eb08d74686aec539f022a4f3094"}}},{"_index":"de_content_201410","_type":"resourceQ","_id":"http://corradotreffen.de/login.php?referer=displayimage.php%3fpos%3d-7573","_score":1.0, "_source" : {"body":" Home FAQ Login  Corradofreunde/Sciroccofreunde Treffen Galerie Choose a theme Classic Eyeball Fruity Hardwired Igames Mac ox x Project vii Rainy day* Water drop Default theme Die Seite mit den meisten Corrado-Treffenbildern Album list Last uploads Last comments Most viewed Top rated My Favorites Search Enter your username and password to login Warning your browser does not accept script's cookies Username Password Remember me I forgot my password Powered by Coppermine Photo Gallery   ","title":"Corradofreunde/Sciroccofreunde Treffen Galerie - Login","desc":null,"details":{"length":490,"language":"de","date":"2014/10/31 16:18:39","type":"text/html","country":""},"crawling":{"duration":"1","date":"2014/10/31 16:18:39"},"metas":[],"uri":{"protocol":"http","domain":"de.corradotreffen.","url":"http://corradotreffen.de/login.php?referer=displayimage.php%3fpos%3d-7573"}}},{"_index":"de_content_201410","_type":"resourceQ","_id":"http://essential-freebies.de/board/viewtopic.php?f=25&p=122650&sid=007b0385cf0ab00f77a693804de6b514&t=14278","_score":1.0, "_source" : {"body":" EFB Themen Beiträge Autor Google/Startpage Yahoo Bing Google Anmelden    Registrieren Zeit: 06.07.14, 9:12 FAQ   Hilfe     Suche Unbeantwortete Themen | Aktive Themen Portal » Foren-Übersicht » Multimedia » Bildbearbeitung Alle Zeiten sind UTC + 1 Stunde [ Sommerzeit ] Welches Bildbearbeitungsprogramm nutzt ihr bevorzugt? Moderatoren: Jean, Moderatoren    Seite 3 von 3  [ 42 Beiträge ]  Seite Vorherige   1 , 2 , 3   Druckansicht Vorheriges Thema | Nächstes Thema  Welches Bildbearbeitungsprogramm nutzt ihr bevorzugt? Gimp  20%  [ 27 ] Photofiltre  11%  [ 15 ] Paint.net  21%  [ 28 ] An meine Bilder lasse ich nur Photoshop  16%  [ 22 ] Ein anderes kommerzielles Programm  18%  [ 24 ] Ein anderes Freewareprogramm  15%  [ 20 ] Abstimmungen insgesamt : 136 Autor Nachricht fire65   Betreff des Beitrags: Re: Welches Bildbearbeitungsprogramm nutzt ihr bevorzugt? Verfasst: 04.08.12, 11:48  Einsteiger Registriert: 25.10.04, 9:43 PhotoScape _________________ viele Grüße fire65 Nach oben       Berti   Betreff des Beitrags: Re: Welches Bildbearbeitungsprogramm nutzt ihr bevorzugt? Verfasst: 06.08.12, 19:18  Mitglied Registriert: 12.05.09, 16:01 Corel PhotoImpact X3 (früher ULEAD) Faststone Image Viewer 4.6 Nach oben       Beiträge der letzten Zeit anzeigen: Alle Beiträge 1 Tag 7 Tage 2 Wochen 1 Monat 3 Monate 6 Monate 1 Jahr  Sortiere nach Autor Erstellungsdatum Betreff Aufsteigend Absteigend     Seite 3 von 3  [ 42 Beiträge ]  Seite Vorherige   1 , 2 , 3 Portal » Foren-Übersicht » Multimedia » Bildbearbeitung Alle Zeiten sind UTC + 1 Stunde [ Sommerzeit ] Informationen Mitglieder in diesem Forum: 0 Mitglieder und 1 Gast Du darfst keine neuen Themen in diesem Forum erstellen. Du darfst keine Antworten zu Themen in diesem Forum erstellen. Du darfst deine Beiträge in diesem Forum nicht ändern. Du darfst deine Beiträge in diesem Forum nicht löschen. Suche nach: Gehe zu:  Wähle ein Forum aus ------------------ Das Board selbst    EFB intern    Requests / Anfragen    Unsere Tutorials Internet    Browser    Free Web Services    Chat / Email / IRC / VoIP etc.    Server / Webshops etc.    Sonstiges - Internet    Up- & Download / FTP    Webseiten-Erstellung Multimedia    Bildbearbeitung    CD-Brennen    Music und MP3    Spiele    Videobearbeitung Office    Office / Editoren    LaTEX    PDF Sicherheit    Antivirus / Antitrojan    Anonymität im Internet    Backup    Kryptografie    Netzwerksicherheit    Systemsicherheit System    Dateimanagement    Netzwerk    OS und Shells    Desktop    Packer    Software für mobile Geräte    Programmierung    Sonstiges - System    Tweaking    Wissenschaft Links und Zeitschriften    Linktips    Zeitschriften-CDs / Promotion naja    naja-Programme    so nicht  Switch to mobile style Nutzungsbedingungen | Datenschutzrichtlinie | Impressum | RSS Powered by phpBB © 2000, 2002, 2005, 2007 phpBB Group | Deutsche Übersetzung durch phpBB.de board3 Portal - based on phpBB3 Portal ","title":"Welches Bildbearbeitungsprogramm nutzt ihr bevorzugt? • EFB","desc":null,"details":{"length":2934,"language":"de","date":"2014/10/31 16:18:39","type":"application/xhtml+xml","country":""},"crawling":{"duration":"1","date":"2014/10/31 16:18:39"},"metas":[{"name":"resource-type","value":"document"},{"name":"distribution","value":"global"},{"name":"keywords","value":""},{"name":"description","value":""}],"uri":{"protocol":"http","domain":"de.essential-freebies.","url":"http://essential-freebies.de/board/viewtopic.php?f=25&p=122650&sid=007b0385cf0ab00f77a693804de6b514&t=14278"}}},{"_index":"de_content_201410","_type":"resourceQ","_id":"http://x11-forum.de/index.php?sid=3048d2d2e26a3867c2c99b51a47d46a8","_score":1.0, "_source" : {"body":" X11-Forum.de Das Forum zur Honda X-11 (X-Eleven) Anmelden    Registrieren FAQ Aktuelle Zeit: So 6. Jul 2014, 07:22 Foren-Übersicht Alle Zeiten sind UTC + 1 Stunde [ Sommerzeit ]    Forum   Themen   Beiträge   Letzter Beitrag  Alles ums Bike und Euch   Hauptforum Alles unter einem Dach - das neue Forum! 5649 70930 Sa 5. Jul 2014, 23:45 Pitsuburu Marktplatz Kaufen, Verkaufen, Wer hat was?, ... hier kommt alles rein was den Besitzer wechseln soll. 1629 10102 Di 1. Jul 2014, 16:38 UliX11 Alle Cookies des Boards löschen | Das Team Foren-Übersicht Alle Zeiten sind UTC + 1 Stunde [ Sommerzeit ] Wer ist online? Insgesamt sind 5 Besucher online: 1 registrierter, 0 unsichtbare und 4 Gäste (basierend auf den aktiven Besuchern der letzten 5 Minuten) Der Besucherrekord liegt bei 107 Besuchern, die am Sa 14. Jul 2007, 08:52 gleichzeitig online waren. Mitglieder: grimmi Legende :: Administratoren, Globale Moderatoren Geburtstage Heute hat kein Mitglied Geburtstag Statistik Beiträge insgesamt: 138358 | Themen insgesamt: 9446 | Mitglieder insgesamt: 522 | Unser neuestes Mitglied: nightmare112 Anmelden Benutzername:   Passwort:   Mich bei jedem Besuch automatisch anmelden   Ungelesene Beiträge    Keine ungelesenen Beiträge    Forum gesperrt Powered by phpBB® Forum Software © phpBB Group Deutsche Übersetzung durch phpBB.de ","title":"X11-Forum.de • Foren-Übersicht","desc":null,"details":{"length":1327,"language":"de","date":"2014/10/31 16:18:39","type":"application/xhtml+xml","country":""},"crawling":{"duration":"1","date":"2014/10/31 16:18:39"},"metas":[{"name":"resource-type","value":"document"},{"name":"distribution","value":"global"},{"name":"keywords","value":""},{"name":"description","value":""}],"uri":{"protocol":"http","domain":"de.x11-forum.","url":"http://x11-forum.de/index.php?sid=3048d2d2e26a3867c2c99b51a47d46a8"}}},{"_index":"de_content_201410","_type":"resourceQ","_id":"http://barmherzige-brueder-trier.de/bb_trier/bbt-magazin/13-03/demenz.php?wsessionid=b59d72cefc05294ee985c15d5229199b","_score":1.0, "_source" : {"body":" Leben!- Das BBT-Magazin Aktuelles Über uns Einrichtungen Leben!- Das BBT-Magazin Stellenangebote Bildungsangebote Presse   Ausgabe 02/2014 Ausgabe 01/2014 Ausgabe 04/2013 Ausgabe 03/2013 Startseite Titelthema \"Demenz\" Wissen zum Thema \"Schritt für Schritt\" \"Eine Kämpfernatur\" momentmal Standpunkt Ausgabe 01-02/2013 Ausgabe 03/2012 Home Kontakt Home » Leben!- Das BBT-Magazin » Ausgabe 03/2013 » Titelthema \"Demenz\"   Leben in einer anderen Welt Der Blick verliert sich im Nirgendwo, und eine innere Unruhe treibt sie ständig an. Menschen, die an Demenz erkrankt sind, haben den Kontakt zum Hier und Jetzt verloren. Sie leben in ihrer ganz eigenen Welt. Das Pflegeteam der Wohngruppe St. Hedwig im saarländischen Rilchingen begleitet sie dabei. Rosemarie Berger hat ein schönes Zimmer in der Wohngruppe St. Hedwig. Hell ist es dort, und an der Wand hängen Fotos ihrer Familie. Doch in ihrem Zimmer hält es Frau Berger nicht lange. Sie läuft lieber. Stundenlang geht die zierliche kleine Frau den Gang entlang, langsam, aber doch trittsicher, immer in derselben Richtung. Dass im Aufenthaltsraum nebenan eine Gruppe Frauen Gemüse für das Mittagessen schnippelt, dass eine Betreuerin mit einer anderen Gruppe Volkslieder singt – Rosemarie Berger kümmert das nicht. Die 85-Jährige leidet an schwerer Demenz. Vom Alltag um sie herum scheint sie kaum etwas mitzubekommen. Sie hat nur ein Bedürfnis: Laufen. Unentwegt. „Als meine Mutter im November 2008 hierher kam, da war sie noch viel fitter“, erzählt Rosi Böhmer. Regelmäßig nahm sie am gemeinsamen Kochen der Bewohner teil. Sie erkannte ihre Kinder und konnte auf den Fotos in ihrem Zimmer die einzelnen Familienmitglieder benennen. Heute hingegen huscht nur noch ein scheues Lächeln über ihre Lippen, wenn sie ihre Tochter sieht. „Sie weiß, dass ich irgendwie zu ihr gehöre. Aber meinen Namen kennt sie nicht mehr.“ Einmal pro Woche besucht Rosi Böhmer ihre Mutter im Seniorenzentrum der Barmherzigen Brüder Rilchingen im Saarland, einer Einrichtung der BBT-Gruppe – an den anderen Tagen schauen ihre Geschwister vorbei. Meist gehen sie dann gemeinsam den Flur entlang. Es war eine schwere Entscheidung, damals vor sieben Jahren, die Mutter ins Pflegeheim zu geben, erinnert sich Rosi Böhmer. Zunächst hatte sie sie bei sich aufgenommen, aber Rosemarie Berger wollte immer nur weg. „Tagsüber hat sie die Tür zu unserem Wintergarten nie aufbekommen. Aber nachts, wenn wir schliefen, da hat sie es plötzlich geschafft.“ Ein Nachbar habe die verwirrte Frau dann morgens um halb fünf im Schlafanzug bei sich im Vorgarten gefunden. „Was sollte ich machen? Ich konnte die Mutti doch nicht einsperren!“ Zudem sei Rosemarie Berger damals enorm aggressiv gewesen. „Bei jeder Kleinigkeit wurde sie richtig bös“, erzählt ihre Tochter. Im Heim habe sich das dann schnell gegeben. Und so ist sich Rosi Böhmer sicher: „Meine Mutter fühlt sich hier wohl.“ Konzept für Demenzerkrankte Dass Rosemarie Berger in ihrer Wohngruppe gefahrlos die Gänge entlanglaufen und auch mal raus in den Innenhof gehen kann, dass sie selbst nachts vom Pflegepersonal nicht an ihren Spaziergängen gehindert wird, verdankt sie dem speziellen Konzept „Begleitung in einer anderen Welt“, das die BBT-Gruppe zur Pflege demenzkranker Menschen entwickelt hat. Und das wird in Rilchingen durchaus wörtlich genommen, wie Wohngruppenleitern Ellen Grahn erläutert: „Demenzkranke Menschen können uns in unserer Welt nicht mehr folgen. Also müssen wir sie, soweit dies möglich ist, in ihrer Welt begleiten.“ Beispiel Bewegungsdrang: Demente Menschen verspüren oft eine große Unruhe. Die Konzentrationsfähigkeit ist ihnen weitgehend abhandengekommen, kaum etwas schaffen sie noch ohne fremde Hilfe – aber laufen, das können sie noch. „Unsere Wohngruppe ist daher ganz bewusst so konzipiert, dass die Bewohner ihre Spaziergänge machen können, ohne Gefahr zu laufen, sich zu verirren“, erklärt Leiterin Grahn. Im Innenhof können sie frische Luft schnappen, wärmende Sonnenstrahlen oder auch mal einen kalten Novemberwind spüren. Auf Treppen und Schwellen wurde beim Bau verzichtet, um das Unfallrisiko so gering wie möglich zu halten. Und weglaufen können die Bewohner nicht, denn die Außentür ist mit einem Code gesichert. Oft sind es die kleinen Dinge des Alltags, die den demenzkranken Menschen Probleme machen. Die einen wollen um 5 Uhr morgens ihr Frühstück, andere wiederum behaupten um 22 Uhr steif und fest, dass sie noch nicht zu Abend gegessen hätten. „In klassischen Pflegeheimen schickt man solche Menschen oft wieder ins Bett, beantragt notfalls sogar eine Fixierung“, berichtet die Wohngruppenleiterin. „Bei uns hingegen schmiert ihnen die Nachtschwester kurzerhand ein Brot.“ Schließlich komme der Bewohner ja, weil er Hunger hat. Und dieses Hungergefühl müsse man ernst nehmen. Weiterlesen auf Seite 2 Drucken als E-Mail versenden Sitemap Bookmark Impressum schließen Mr. Wong Webnews Google Linkarena Oneview Del.icio.us Facebook ","title":"Leben in einer anderen Welt  -\n\t\t Zentrale der BBT-Gruppe","desc":"Der Blick verliert sich im Nirgendwo, und eine innere Unruhe treibt sie ständig an. Menschen, die an Demenz erkrankt sind, haben den Kontakt zum Hier und Jetzt verloren. Sie leben in ihrer ganz eigenen Welt. Das Pflegeteam der Wohngruppe St. Hedwig im saarländischen Rilchingen begleitet sie dabei.","details":{"length":4949,"language":"de","date":"2014/10/31 16:18:40","type":"application/xhtml+xml","country":""},"crawling":{"duration":"1","date":"2014/10/31 16:18:40"},"metas":[{"name":"Keywords","value":""},{"name":"Description","value":"Der Blick verliert sich im Nirgendwo, und eine innere Unruhe treibt sie ständig an. Menschen, die an Demenz erkrankt sind, haben den Kontakt zum Hier und Jetzt verloren. Sie leben in ihrer ganz eigenen Welt. Das Pflegeteam der Wohngruppe St. Hedwig im saarländischen Rilchingen begleitet sie dabei."},{"name":"author","value":"Scholl Communications AG, M.Isenmann"},{"name":"audience","value":"Patienten, Pflegepersonal, Ärzte, Alle"},{"name":"robots","value":""},{"name":"Generator","value":"Weblication CMS"}],"uri":{"protocol":"http","domain":"de.barmherzige-brueder-trier.","url":"http://barmherzige-brueder-trier.de/bb_trier/bbt-magazin/13-03/demenz.php?wsessionid=b59d72cefc05294ee985c15d5229199b"}}},{"_index":"de_content_201410","_type":"resourceQ","_id":"http://simso-shop.de/tag/armatur/gehaeusehaelfte-hinten-schalterkombination-mit-abblend-u-blinkschalter-doppeltaster-inkl-schrauben.html?force_sid=f85ce85d034a0659f4e6eb99d09108cc","_score":1.0, "_source" : {"body":" Konto Konto Mein Konto Meine Bestellhistorie Mein Artikelvergleich Mein Merkzettel Mein Wunschzettel Meine Lieblingslisten Meine Bonuspunkte Sie haben Ihr Passwort vergessen? Kein Problem! Hier können Sie ein neues Passwort einrichten. Ihre E-Mail-Adresse: Bitte Wert angeben! Bitte geben Sie eine gültige E-Mail-Adresse ein Passwort anfordern Nachdem Sie den \"Passwort anfordern\"-Knopf angeklickt haben, schicken wir Ihnen eine E-Mail zu, mit der Sie Ihr Passwort ändern können. Sollten Sie innerhalb der nächsten Minuten keine E-Mail mit Ihren Zugangsdaten erhalten, so überprüfen Sie bitte folgendes: Haben Sie sich in unserem Shop bereits registriert? Wenn nicht, so tun Sie dies bitte einmalig im Rahmen des Bestellprozesses. Sie können dann selbst ein Passwort festlegen. Sobald Sie registriert sind, können Sie sich in Zukunft mit Ihrer E-Mail-Adresse und Ihrem Passwort einloggen. Wenn Sie sich sicher sind, dass Sie sich in unserem Shop bereits registriert haben, dann überprüfen Sie bitte, ob Sie sich bei der Eingabe Ihrer E-Mail-Adresse evtl. vertippt haben. Sollten Sie trotz korrekter E-Mail-Adresse und bereits bestehender Registrierung weiterhin Probleme mit dem Login haben und auch keine \"Passwort vergessen\"-E-Mail erhalten, so wenden Sie sich bitte per E-Mail an: info@simso-shop.de Anmelden Anmelden E-Mail-Adresse Passwort ? Passwort merken Anmelden Registrieren Startseite Gästebuch Kontakt Bonussystem Selbstabholer 187 187 Artikel im Warenkorb: 187 Achsverlängerung für Mitnehmer / Hinterradmitnehmer 5,77 € 2 x Blinkgeber - 6V 1x18W - 8581.6 - mit Moosgummi - Simson 14,80 € Druckfeder für Bremsstange 0,77 € Antriebsritzel 12 Z (1.Qualität) 4,27 € Sicherungsblech B8 für Bolzen Schaltwalze (innen) 0,67 € Benzinfilter O.M.G. - massive Metallausführung - 6mm Anschluss 2,40 € 3 x Benzinhahn Set (Kraftstoffhahn mit Wassersack) 24,66 € 2 x Gummistopfen ohne Loch für Verschluß von Kabeldurchführung am Limadeckel (Simson Motor M500 - M700) 1,40 € Normteile-Set KR51 Elektrik-Kleinteile (Zündschloss-Blinkgeber-Scheinwerfer-Sicherungsdose-Kleinteile) 5,47 € 2 x Fußrastengummi (neue Riffelung) 1,90 € Zündlichtschalter - Zündschloss 8626.14/2 16,55 € Set Kettenschutz - S51 14,99 € Seitendeckelschloß BAB (Typ 1) 7,50 € Gasschieber-Anschlagschraube / Stellschraube für Schieberanschlag 1,57 € 2 x Biluxlampe 6V 35/35W BA 20d (Jahn Markenlampe) 6,00 € Unterbrecherkontakt 1139 Simson Zündkontakt 2,53 € Druckfeder BVF - Startkolben 0,84 € Kickstarterhebel ohne Gummi, verchromt - S51 12,10 € Gepäckträgerriemen kompl. - 1 Haken + 2 Klemmschlaufen - neue Ausführung 5,49 € Biluxlampe 6V 35/35W BA 20d (GLÜWO Markenlampe) 2,62 € 3 x Auspuff-SET chrom kpl. mit Krümmer und Anbauteilen - S51 143,70 € Zwischenlage für Hitzeschutz - S51E 2,25 € Gepäckträgergummi / Riemen - schwarz 2,77 € Blinker, hinten, rund, 8580.23/1 5,85 € 2 x Kickstartergummi schwarz, quergerippt 1,26 € Glühlampenersatzkasten / Lampenkasten 6V 25/25W (mit Jahn-Glühlampen) 9,83 € Klemmschelle zw. Krümmer und Auspuff - chrom 1,89 € Anlaufbuchse für Motorlager 1,02 € Zündkerzenstecker (Kerzenstecker) NGK, 5 Kilo-Ohm 4,15 € S51 Krümmer, chrom 8,60 € Chromkeder für Frontschild und Locheinfassung - 1,10 m 3,49 € Rollenkette 112 Glieder 1/2x5,4 8,83 € 3 x Scheibenfeder (Halbmond) 2x3,7 für Polrad (Made in Germany) 1,95 € Biluxlampe 6V 15/15W BA20d (Markenlampe JAHN Germany) 3,43 € Zugfeder für Haltering - Scheinwerfer 1,35 € 2 x Zündkondensator 9042 (Made in Germany) 3,70 € Bowdenzug, Gas Schwalbe (BVF) 9,69 € 2 x Blinkerkappe für Blinker rund - vorne, 8580.23-001/1 2,50 € Köder/ Keder für Scheinwerfer / Tank - PVC grau - 650mm - geschnitten 700mm 6,93 € Zylinderschraube AM3x5 (DIN 84) 0,42 € Blinker, vorne, rund, 8580.23 6,05 € 5 x ADDINOL GL80W, Getriebeöl GL-3, mineralisch, 1 L 32,20 € Dichtring für Zündkerze 0,15 € Tachoglas, Tachometerglas, rund - Ø48mm 2,90 € Schlosssatz BAB - Schließsystem mit 2 Schlüsseln - Lenkersperrschloß mit Feder + Seitendeckelschloß 15,09 € Gummitülle für Bremslichtschalter 8606.11/1 - Lenkerarmatur - Simson 1,25 € Spannbügel für Luftfilterpatrone S51 0,69 € 10 x Zündkerze BERU - ISOLATOR ZM 14-175 Spezial 20,00 € FILU Benzinfilter - massive Metallausführung - Außendurchmesser: 28mm! - 6mm Anschluss (auswaschbar) 7,35 € Zylinderschraube M4x14 0,33 € Zündkerze BERU - ISOLATOR ZM 14-175 Spezial 2,12 € 4 x ADDINOL MZ405 SUPER MIX, 2-Takt-Motorenöl, rot gefärbt, mineralisch, 1 L Kanister \"\"DAS ORIGINAL\"\" 23,88 € 3 x Sicherungseinsatz 5A 0,90 € Kupplungsarmatur S50 mit Hebel alte Art 14,26 € Zugfeder für Lampenhalter - Scheinwerfer 1,17 € 2 x Vergaser BVF 16N1-11 80,50 € 2 x Vergaser BVF 16N3-4 77,30 € Buch \"Simson - Vogelserie\" 15,90 € Schnurfeder für Abtriebswelle 1,10 € Set Aufkleber / Schriftzug \"IFA\" (Karoformat) 8,12 € Sitzbankpolster - glatte, lange Version (Gesamtlänge 60cm, Höhe 8cm) 17,34 € 2 x Zugfeder für Hauptständer - Simson 2,26 € Zündspule, innenliegend 8306.8-110/2 (plast) 16,16 € Glühlampe für Rücklicht G 6V 3W Ba15s DIN 72601 1,94 € 2 x Rückblickspiegel mit Klemmschellenbefestigung Metall, Lenkerklemmausführung, Nierenform 53,40 € Drehzahlmesser 12V/6V - ø 60 mm mit Fernlichtkontrolle blau - bis 12000U/min 38,15 € Tankdeckeldichtung Ø=40mm für alle Moped-Typen 1,02 € 2 x Luftfilter Simson 8,40 € Zwischenlage 1,5 mm (Bremsbacke) Simson 0,65 € Set BVF Bowdenzüge S51 25,09 € Klemmscheibe zum Benzinhahn - Federplatte - Simson - mit Wassersack 1,11 € Schmierfilz für Grundplatte Unterbrecherzündung 3,50 € Zündkerzensteckschlüssel 21x75 - alle Simson - Modelle 2,37 € Gummischeibe für Sterngriffmutter - Druckscheibe 13 x 22 x 4 0,65 € Schmelzeinsatz (Glassicherung) 6x25 mm 4A 0,90 € 3 x Gummitülle für Zündspule 8351.1/1-001:2 2,10 € Kugellampe 6V 4W BA9s (Markenlampe GLÜWO Germany) 0,67 € Hauptdüse BVF 67 1,00 € Bremsnocken vorderer - für Bremsschild mit innenliegenden Bremshebel 10,04 € Rollenkette 110 Glieder 1/2x5,4 7,63 € 2 x Krümmerdichtung, Kupfer massiv 1,30 € Bowdenzug, Kupplung S50 7,80 € Köder/ Keder am Scheinwerferhalter - PVC grau - 2x 220mm - geschnitten 450mm 7,05 € 2 x Köder/ Keder für Scheuerleiste rechts - Tunnel Schwalbe, schwarz 4,92 € 2 x Kugellampe 12V 5W BA15s (rot) 3,78 € Fußrastengummi schwarz - längsgerippt - ORIGINAL-DDR-FORM 1,25 € Hauptdüse BVF 125 1,02 € Kerzenstecker AKA Electric (1 Kilo-Ohm) wassergeschützt 3,30 € Primärspule 8307.10-110/1 20,83 € Vergaser BVF 16N1-8 41,00 € SET Kupplungsteile Regenerierung 24,98 € Komplettsatz Glühlampen (Markenlampen) 12V 35W Bilux - S51 10,50 € SET Ausgleichs- und Anlaufscheiben, Motor M500 - M700 14,50 € Leitungsverbinder 8800.1/5.1 - Typ 4/0 (4 Doppelbrücken) 4,18 € Tachometerdichtring - Ø48x2mm - Vierkantprofil 0,97 € 10 x Zündkerze BERU - ISOLATOR ZM 14-260 Spezial 19,00 € Sterngriffmutter M6 - elfenbein (beige) - für Motorabdeckung und Tunnel 3,17 € Zündkabel, schwarz, 30cm 0,54 € Linsensenkschraube M3x10 - verzinkt - Parkleuchte Vogelserie 0,46 € ADDINOL LM2 Fett Patrone (Kartusche), Mehrbereichsfett bis 130 Grad, Mineralölbasis, 400g Kartusche 4,60 € Miniblinker im Satz - 4 x Blinker + 3 x Träger mit 6V 20W Halogenglühlampe 33,32 € Tankdeckel Chrom Ø 40mm 4,05 € Antriebsritzel 14 Z (1.Qualität) 4,36 € Druckfeder für Gasschieber-Anschlagschraube M10633-00S 0,79 € Lampenhalter (25/25W-35/35W) - alle Simson Mokicks / Roller mit Bilux-Scheinwerfer - Lampenfassung 10,50 € Zylinderfußdichtung 50ccm - 0,4 mm dick 0,48 € Bowdenzughalter vorn am Schutzblech, Kotflügel 0,66 € 2 x Tachowelle - 850 mm lang 10,60 € Bowdenzug, Gas (grau), für Mofa SL1, SR2 10,91 € Kerzenstecker BERU, 1 Kilo-Ohm, wassergeschützt 5,40 € Nabenputzringe WÜMA grün/blau SET (vorne & hinten) für SIMSON-Nabe 168mm, 560mm lang 2,64 € Benzinschlauch 0,3m - Kraftstoffschlauch 5x8,2 0,55 € Distanzrohr kurz - verzinkt -Tankbefestigung/Soziusfußrasten - Haube KR51 - 9x12x9 mm 1,05 € WINTER-Komplettrad - VORNE - 1,6x16 Zoll Alufelge, poliert - Edelstahlspeichen mit Heidenau K42 montiert 126,25 € Kabelbaumset inkl. Schaltplan - KR51/2 E, KR51/2 N 50,20 € Vergaser, kpl. BING 17/15/1103 - (60km/h-Variante) 74,15 € Telegabel Reparatur SET (Federn 3,2mm) 21,31 € Set Kettenschutz - SR50 14,89 € Handhebel SET SIMSON, ALU-massiv, Bremshebel + Kupplungshebel (auch für Ausführung mit Bremslichtschalter) Farbe silber matt 27,28 € Bowdenzug, Kupplung SR50 7,32 € 2 x Elastikring für Mitnehmer / Hinterradmitnehmer - Nach Originalvorgaben neu produziert! 8,72 € Abzieher für Polrad 7,37 € Zündkerze BERU - ISOLATOR ZM 14-225 Spezial 2,11 € Vee Rubber Reifen 2 3/4x16 (VRM 099) 46 J - Reinforced 17,98 € Blinkgeber - 6V 2x21W - 8581.19/40 5,68 € ADDINOL MZ406 SUPER, 2-Takt-Motorenöl, raucharm, low smoke, teilsynthetisch, 1 L Dose \"\"DAS SAUBERE\"\" Weniger Ablagerungen in Motor und Auspuffanlage 7,57 € Bremslichtschalter 8607.1/1 für Hinterradbremse 8,30 € Tachometerabdeckung ø=60mm - (großer Tacho und DZM) 2,14 € Bremslichtschalter 8606.11/1 - Lenkerarmatur/Fußbremse 2,36 € Dichtscheibe/Dichtgummi BVF für Startkolben 0,83 € Batteriespannband 1,34 € Formring / Dichtring (eckiges Profil) 0,60 € Spiegelglas links (Niere-rund) 3,00 € Wellendichtringe im Satz, braun (5-teilig) TCK (Doppellippe) 10,99 € Lenkungslager Satz (6-teilig) - Lenkkopflager 17,99 € Doppeltaster 8626.18 - Schalterkombination 5,45 € Sicherungsschelle für Krümmermutter Ø 32mm 2,98 € 2 x Zündkerze BERU - ISOLATOR ZM 14-260 Spezial 4,04 € Set Polyamid-Buchse komplett mit Innenrohr für Schwinge vorne oder hinten 10,70 € Elba 12V 8872.10/1 - Blinker 2 x 21W - Ladestrom 2,5A 28,15 € Lichtmaschinendeckel - poliert - Simson Logo - SIMSON ORIGINALQUALITÄT 25,90 € Kerzenstecker AKA Electric (5 Kilo-Ohm) wassergeschützt 3,32 € Zündschlossabdeckung - Abdeckkappe für Zündlichtschalter 3,70 € Biluxlampe 6V 25/25W BA20d (GLÜWO Markenlampe) 2,55 € SET Schmutzfänger schwarz, vorne und hinten, mit Nieten zur Befestigung 6,75 € Kettenschloß, 1/2x5,4 0,69 € Normteile-Set Motorlager-Kippständer-Fußrastenträger-Fußbremshebel 5,50 € Wellendichtringe im Satz, braun (4-teilig) TCK (Doppellippe) 9,16 € Dichtring für Ölablaßschraube M500/M700 - 14x18 - Kupfer 0,52 € Kettenschloß (Marke Meteor) 1/2x5,4 0,65 € Kettenspanner komplett 1,02 € Sicherungsblech / Sicherungskappe für Kupplungskorb 0,80 € Gesamtbetrag 1.652,27 € Noch 0,00 € bis Versandkostenfrei (innerhalb Deutschlands). Zur Kasse Warenkorb 187 Artikel im Warenkorb: Gesamtbetrag 1.652,27 € Zur Kasse Warenkorb Sie sind hier: /  Tags /  Armatur Artikelsuche Suche Startseite Antrieb Aufkleber / Schriftzüge Auspuff Beleuchtung Benzinhähne Bowdenzüge Bücher / CD Dichtungen Elektrik Fahrzeugpflege Fanartikel Federbeine Felgen / Speichenräder Gummiteile Keder / Köder Kompletträder Lacke und Farben Lenker und Anbauteile Motor / Getriebe Öle / Schmierstoffe Rahmen und Anbauteile Rad- und Nabenteile Reifen / Schläuche Schlösser Schrauben / Muttern Sitzbank Spiegel Tanks / Lacksätze Tacho / Drehzahlmesser Telegabel Tuning Vergaser Werkzeuge Zündung Zylinder / Kolben Fahrzeugzubehör Tags zug vergaser tuning stoßdämpfer set seitendeckel schwalbe schraube scheibe lenker kupplung kolben hebel gummi federbein feder dichtung bvf bremse blinker Mehr... Zuletzt angesehen Zylinderschraube AM3x8 (DIN84) 0,50 € * Zündkerze BERU - ISOLATOR ZM 14-175 Spezial 2,12 € * Rohr für Benzinhahn - Steigrohr - Simson Benzinhähne 1,27 € * Griffgummi - Waffelmuster - Festgriff- schwarz 1,79 € * Zurück zur Übersicht Gehäusehälfte hinten - Schalterkombination - mit Abblend- u. Blinkschalter,... Artikel zurück Artikel 3 VON 35 nächster Artikel Zoom Gehäusehälfte hinten - Schalterkombination - mit Abblend- u. Blinkschalter, Doppeltaster - inkl. Schrauben Aus Vergl. entfernen Vergleichen Empfehlen Für die Lieblingsliste bitte anmelden. Für den Merkzettel bitte anmelden. Für den Wunschzettel bitte anmelden. [?] Sie haben Fragen zu diesem Artikel?      Art. Nr.: M13008-A-S MZA Nr.: 13008-A-S Simson Nr.: 195545 Keine Bewertungen S51, S70, S53, S83, SR50, SR80 34,00 € * In den Warenkorb lieferbar Lieferzeit: 1 - 3 Tage Produktbilder Beschreibung Tags   schalterkombination schalter kupplungsarmatur kupplung klemmstück gehäusehälfte gehäuse armatur Kunden, die diesen Artikel gekauft haben, kauften auch: Griffgummi - Waffelmuster - Festgriff- schwarz 1,79 € * In den Warenkorb Armaturengehäuse - SR50 26,30 € * In den Warenkorb Kerzenstecker RFT - A14 (5,5 Kilo-Ohm), kpl. mit Zündkabel 155mm - HSL 788 3000 5,40 € * In den Warenkorb Handhebel für Kupplung (neue Ausführung) 1,60 € * In den Warenkorb Benzinschlauch 1m - Kraftstoffschlauch - 5x8,2 - glasklar 0,65 € * Mehr Informationen Gehäusehälfte (vordere) für Schalterkombination, Kupplung 7,66 € * In den Warenkorb Kennzeichenhalter, verkehrsschwarz 10,07 € * In den Warenkorb Gummitülle für Zündspule 8351.1/1-001:2 0,70 € * In den Warenkorb Einen Kommentar schreiben Sie müssen angemeldet sein, um einen Kommentar schreiben zu können. Es liegen keine Kommentare zu diesem Artikel vor. Newsletter Abonnieren * inkl. MwSt., zzgl. Versandkosten Service Hilfe zum Shop Kontakt Widerrufsformular Links Unser Gästebuch Warenkorb Konto Merkzettel Mein Wunschzettel Öffentlicher Wunschzettel Informationen Impressum AGB Datenschutz Zahlung und Lieferung Widerrufsrecht Wie bestellen? Newsletter Bonussystem Herstellerbezeichnungen Zahlungsarten Batterieentsorgung / Pfand Altölentsorgung Versandarten Zahlungsarten Simson Service Oldenburg - Ihr Partner wenn es um Simson geht. Online Shop für Simson Ersatzteile und Zubehör. Simson Ersatzteile aus neuer Produktion sowie Originalteile aus Restbeständen.   Wir bieten Simson Ersatzteile für Schwalbe, Spatz, Star, Habicht, Sperber, SL1, S50, S51, S70, SR50, SR80, S53 und S83 in ausgesuchter Qualität.  Simson Ersatzteile aus Originalbeständen sind im Shop extra gekennzeichnet.      * inkl. MwSt., zzgl. Versandkosten Relevante Produkte zu Ihrer Eingabe Artikel Preis Zurück Mehr Ergebnisse ","title":"Simso Shop | Gehäusehälfte hinten - Schalterkombination - mit Abblend- u. Blinkschalter, Doppeltaster - inkl. Schrauben - armatur | Simson Ersatzteile & Zubehör ","desc":"armatur - Gehäusehälfte hinten - Schalterkombination - mit Abblend- u. Blinkschalter, Doppeltaster - inkl. Schrauben -","details":{"length":13854,"language":"de","date":"2014/10/31 16:18:39","type":"text/html","country":""},"crawling":{"duration":"1","date":"2014/10/31 16:18:39"},"metas":[{"name":"description","value":"armatur - Gehäusehälfte hinten - Schalterkombination - mit Abblend- u. Blinkschalter, Doppeltaster - inkl. Schrauben -"},{"name":"keywords","value":"gehäusehälfte, hinten, -, schalterkombination, mit, abblend-, u, blinkschalter, doppeltaster, inkl, schrauben, armatur, klemmstück, kupplung, kupplungsarmatur, gehäuse, schalter"}],"uri":{"protocol":"http","domain":"de.simso-shop.","url":"http://simso-shop.de/tag/armatur/gehaeusehaelfte-hinten-schalterkombination-mit-abblend-u-blinkschalter-doppeltaster-inkl-schrauben.html?force_sid=f85ce85d034a0659f4e6eb99d09108cc"}}},{"_index":"de_content_201410","_type":"resourceQ","_id":"http://va18.de/ucp.php?mode=login&sid=5eb06944e1c8be582f75b89e1a0165b9","_score":1.0, "_source" : {"body":" Das VARIANTA-18 Forum Eine Plattform für Eigner und Freunde der Dehler Varianta VA18 Zum Inhalt Portal » Foren-Übersicht Ändere Schriftgröße www.va18.de • Chat [0] FAQ Galerie Registrieren Anmelden Anmelden Benutzername: Passwort: Ich habe mein Passwort vergessen Mich bei jedem Besuch automatisch anmelden Meinen Online-Status während dieser Sitzung verbergen   Registrieren Du musst in diesem Forum registriert sein, um dich anmelden zu können. Die Registrierung ist in wenigen Augenblicken erledigt und ermöglicht dir, auf weitere Funktionen zuzugreifen. Die Board-Administration kann registrierten Benutzern auch zusätzliche Berechtigungen zuweisen. Beachte bitte unsere Nutzungsbedingungen und die verwandten Regelungen, bevor du dich registrierst. Bitte beachte auch die jeweiligen Forenregeln, wenn du dich in diesem Board bewegst. Nutzungsbedingungen | Datenschutzrichtlinie Registrieren Portal » Foren-Übersicht Das Team • Alle Cookies des Boards löschen • Alle Zeiten sind UTC + 1 Stunde Powered by phpBB © 2000, 2002, 2005, 2007 phpBB Group Deutsche Übersetzung durch phpBB.de Impressum Geschützt durch Anti-Spam ACP ","title":"Das VARIANTA-18 Forum • Persönlicher Bereich • Anmelden","desc":null,"details":{"length":1129,"language":"de","date":"2014/10/31 16:18:40","type":"application/xhtml+xml","country":""},"crawling":{"duration":"1","date":"2014/10/31 16:18:40"},"metas":[{"name":"resource-type","value":"document"},{"name":"distribution","value":"global"},{"name":"copyright","value":"2000, 2002, 2005, 2007 phpBB Group"},{"name":"keywords","value":""},{"name":"description","value":""}],"uri":{"protocol":"http","domain":"de.va18.","url":"http://va18.de/ucp.php?mode=login&sid=5eb06944e1c8be582f75b89e1a0165b9"}}},{"_index":"de_content_201410","_type":"resourceQ","_id":"http://onlineshop-telefonanlagen.de/telefone/aastra/ip-sip-telefone/?ph_eg_vermittler=85&ph_lm_headsetmode=75&ph_lm_konferenz=65&ph_lm_rufnunterdr=51&price=4%2c100","_score":1.0, "_source" : {"body":" Dies ist ein Demoshop für nento - der Magento Best-Practice-Lösung von netshake. Gratis Versand Deutschlandweit 14 Tage Rückgaberecht Hotline: +49 (0) 711 6933030 Mein Benutzerkonto Warenkorb Sie haben keine Artikel im Warenkorb Telefone Aastra Tischtelefone (2-Ader) Tischtelefone (IP / SIP) schnurlose Telefone Sonstiges Siemens Tischtelefone (IP / SIP) schnurlose Telefone Sonstiges Telefonanlagen Aastra Aastra 400 Serie Module Aastra 415 / 430 Module Aastra 470 Lizenzen Aastra 400 Aastra OpenCom 100 Module Aastra OpenCom 130/131 Module Aastra OpenCom X320 Aastra Intelligate Serie Siemens OpenScape Office Module OpenScape Office MX Lizenzen OpenScape Office Komplettsysteme 1 bis 10 Benutzer 11 bis 25 Telefone ab 26 Endgeräte Zubehör Startseite » Telefone » Aastra » Tischtelefone (IP / SIP) Aastra 5380ip (Office 80IP) 312,00 € zzgl. MwSt. und Versand Aastra 5380ip (Office 80IP) 312,00 € zzgl. MwSt. und Versand Features: - 7 x 34 Zeichen grafisches Display - Hintergrundbeleuchtetes Display - Lauthören - Freisprechen - Konferenzgespräch - DHSG-Anschluss + Auf die Vergleichsliste zum Produkt In den Warenkorb Filtern nach Aktuell gesetzte Filter: Artikel entfernen Preis: 300,00 € - 400,00 € Artikel entfernen Vermittlerapparat Artikel entfernen Rufnummernunterdrückung Artikel entfernen Konferenzgespräch Artikel entfernen Headsetmode Alles entfernen Einsatzgebiet Komfortgerät (1) Reihenapparat (1) Anzeigeelemente Hintergrundbeleuchtetes Display (1) Bedienungselemente Navigationstaste (1) Foxtaste (1) Alpha-Tastatur (1) Leistungsmerkmale Wahlvorbereitung (1) Namenwahl (1) Anklopfen (1) Makeln (1) Zugang zum zentralen Telefonbuch (1) Diskretruf (1) Lauthören (1) Freisprechen (1) Voice-Mail (1) Textmeldungen senden/empfangen (1) Privatanruf mit PIN (1) Telefonsperre (1) Wandmontage (1) Informationen Kontakt Lieferung Zahlungsarten Bestellvorgang Vorteile Schnelle Lieferzeiten Datenschutz Sicher bezahlen durch SSL-Verschlüsselung mit: Fragen? +49 (0) 711 6933030 rb@netshake.de Montag bis Freitag 9:00 - 17:00 Uhr Informiert bleiben Follow us on: Widerruf Datenschutz AGB Impressum Dieser Shop basiert auf nento - der Magento Best-Practice-Lösung von netshake. ","title":"Tischtelefone (IP / SIP) - Aastra - Telefone","desc":"Meta Description","details":{"length":2185,"language":"de","date":"2014/10/31 16:18:41","type":"application/xhtml+xml","country":""},"crawling":{"duration":"1","date":"2014/10/31 16:18:41"},"metas":[{"name":"description","value":"Meta Description"},{"name":"keywords","value":"Keyword1, Keyword2, Keyword3"},{"name":"robots","value":"INDEX,FOLLOW"}],"uri":{"protocol":"http","domain":"de.onlineshop-telefonanlagen.","url":"http://onlineshop-telefonanlagen.de/telefone/aastra/ip-sip-telefone/?ph_eg_vermittler=85&ph_lm_headsetmode=75&ph_lm_konferenz=65&ph_lm_rufnunterdr=51&price=4%2c100"}}},{"_index":"de_content_201410","_type":"resourceQ","_id":"http://motorrad-auspuff-shop.de/800.060.030@ud.021.l8-01/mivv-ducati-848-bj.-07.htm","_score":1.0, "_source" : {"body":" »  Startseite »  Mein Konto »  Informationen »  Impressum   Warenkorb Der Online-Shop für Ducati Schalldämpfer und Auspuffanlagen von Mivv. Akrapovic Bodis BOS GPR LeoVince Mivv Aprilia Benelli BMW Cagiva CAN-AM Ducati Gilera Honda Kawasaki KTM Moto Guzzi MV Agusta Suzuki Triumph Yamaha QD Remus Silvertail Storm ZARD Wir akzeptieren auch: Motorrad Auspuff » Mivv » Ducati » 848 « | » Mivv 2 SLIP-ON SUONO in Volltitan mit Carbonendkappe Motorrad-Auspuff für Ducati 848 Bj. 07- Listenpreis: 1407,00 € bei uns nur 1129,00  €* inkl. MwSt. & Versand (Deutschland) Lieferzeit 1-2 Wochen  » in den Warenkorb  Der MIVV Auspuff Suono der Linie Sport ist ein bulliger Motorrad Sportauspuff mit einem sonoren dumpfen Klang für Ducati Motorräder. Der MIVV Suono Endschalldämpfer ist mit einem herausnehmbaren db-eater für den Rennsport ausgestattet. Durch entfernen des db-eater erlischt jedoch die Allgemeine Betriebserlaubnis.   Der MIVV Suono Sportauspuff verbessert spürbar den Durchzug und die gesamte Performance der Ducati 848. Montagefreundlichkeit, Verarbeitung und auch der Klang (Suono) dieser MIVV Auspuffanlage sind auf absolutem Spitzenniveau. Zusätzlich zeichnet sich ein MIVV Auspuff durch sein wesentlich geringeres Gewicht gegenüber dem Originalen Auspuff einer Ducati aus.   technische Daten Auspuff Mivv SPORT SUONO Position SOTTOCODA/Underseat Artikelnummer UD.021.L8 Motorrad Ducati 848 Baujahr 07- Zulassung EG-Betriebserlaubnis Mivv 2 SLIP-ON SUONO in Volltitan mit Carbonendkappe für Ducati 848 Bj. 07-   1129,00  €*   inkl. MwSt. & Versand (Deutschland)  » in den Warenkorb       « zurück zur Übersicht \"Ducati 848\" » Übersicht \"Mivv 2 SLIP-ON SUONO in Volltitan\" *) Informationen zu unseren Preisen, Versandkosten und Zahlungsarten erhalten Sie hier. Allgemeine Geschäftsbedingungen  |  Datenschutzerklärung  |  © Holger Kachel - Auto- und Motorradteile Vertrieb ","title":"Mivv 2 SLIP-ON SUONO in Volltitan Auspuff für Ducati 848 Bj. 07-","desc":"Motorrad-Auspuff für Ducati 848 Bj. 07- von Mivv im Motorad Auspuff Shop www.motorrad-auspuff-shop.de. Modell Mivv 2 SLIP-ON SUONO in Volltitan mit Carbonendkappe Artikelnr. UD.021.L8","details":{"length":1882,"language":"de","date":"2014/10/31 16:18:41","type":"text/html","country":""},"crawling":{"duration":"1","date":"2014/10/31 16:18:41"},"metas":[{"name":"description","value":"Motorrad-Auspuff für Ducati 848 Bj. 07- von Mivv im Motorad Auspuff Shop www.motorrad-auspuff-shop.de. Modell Mivv 2 SLIP-ON SUONO in Volltitan mit Carbonendkappe Artikelnr. UD.021.L8"},{"name":"keywords","value":"Motorrad Auspuff, Mivv, Ducati, 848 Bj. 07-"},{"name":"robots","value":"index,follow"},{"name":"viewport","value":"width=800"},{"name":"language","value":"de"}],"uri":{"protocol":"http","domain":"de.motorrad-auspuff-shop.","url":"http://motorrad-auspuff-shop.de/800.060.030@ud.021.l8-01/mivv-ducati-848-bj.-07.htm"}}},{"_index":"de_content_201410","_type":"resourceQ","_id":"http://gastrocount24.de/restposten-c-1210.html?oscsid=7u67mom7gbhkc468cvhtq9qn87","_score":1.0, "_source" : {"body":" Gastronomiebedarf |  AGB |  Kontakt |  Impressum   Kasse Warenkorb Ihr Konto Gastrobedarf Restposten   Unser Gastronomiebedarf Asiatische Küche Big Green Egg Cafeteria Edelstahlmöbel Gastronormbehälter Getränketechnik Imbissgeräte Jahrmarktartikel Kochgeräte Kühltechnik Lüftungstechnik Möbel Pizzatechnik Regalsysteme Speisenausgabe Speisenvorbereitung Spültechnik Thermische Geräte Öfen Zubehör & Kleinteile Restposten Warenkorb 0 Produkte   FAQ Häufig gestellte Fragen Bezahlung Services Lexikon PayPal Leasing Garantie Hotline Versand Zur Lexikon-Übersicht Neue Produkte new! Rotations Pizzaofen Giotto   10.700,00 EUR*   9.630,00 EUR*  Neue Produkte new! Aufschnittmaschine Prima QuanTanium D.250   943,34 EUR*   849,01 EUR*  Neue Produkte new! Rotations Pizzaofen Giotto   10.700,00 EUR*   9.630,00 EUR*    Restposten NUR SOLANGE DER VORRAT REICHT HIER FINDEN SIE AUSLAUFMODELLE NEU UND ORIGINALVERPACKT !!! Gastrocount24 liefert innerhalb Deutschlands (Festland) ab einem Bestellwert von 100 € versandkostenfrei. Seiten:   1 angezeigte Produkte: 1 bis 7 (von 7 insgesamt)   977,55 EUR*   879,80 EUR*  Ceranherd 4 Felder mit Backofen Ceranherd mit 4 Feldern mit Elektro- Backofen inkl. 1 Grillrost und 1 Backblech Maße (BxTxH): 600 x 600 x 900 mm [ Mehr Informationen ]   1.227,45 EUR*   1.104,71 EUR*  Ceranherd 5 Felder mit Backofen Ceranherd mit 5 Feldern mit Elektro- Backofen inkl. 2 Grillroste und 1 Backblech Maße (BxTxH): 900 x 600 x 900 mm [ Mehr Informationen ]   1.040,55 EUR*   936,50 EUR*  Gasherd 4 Brenner inkl. Backofen Gasherd mit 4 Brennern mit Elektro- Backofen inkl. Grillrost und Backblech Maße (BxTxH): 600 x 600 x 900 mm [ Mehr Informationen ]   1.264,20 EUR*   1.137,78 EUR*  Gasherd 5 Brenner inkl. Backofen Gasherd mit 5 Brennern mit Gas- Elektro- Backofen inkl. 2 Grillroste und 1 Backblech Maße (BxTxH): 900 x 600 x 900 mm [ Mehr Informationen ]   1.214,85 EUR*   1.093,37 EUR*  Gasherd 5 Brenner inkl. Backofen Gasherd mit 5 Brennern mit Gas- Backofen inkl. 2 Grillroste und 1 Backblech Maße (BxTxH): 900 x 600 x 900 mm [ Mehr Informationen ]   943,00 EUR*   848,70 EUR*  Kühlschrank 507 Kühlschrank 507 Liter Innenmaße: 564 x 570 x 1384 mm inkl. 3 Roste 530 x 540 mm Maße (BxTxH): 680 x 710 x 2000 mm [ Mehr Informationen ]   1.109,00 EUR*   998,10 EUR*  Tiefkühlschrank 507 Tiefkühlschrank 507 Lt Innenmaße: 564 x 570 x 1384 mm inkl. 3 Roste 530 x 540 mm Maße (BxTxH): 680 x 710 x 2000 mm [ Mehr Informationen ] Seiten:   1 angezeigte Produkte: 1 bis 7 (von 7 insgesamt) * Alle Preise in unserem Shop verstehen sich als Netto-Preise, also ohne die gesetzliche Mehrwertsteuer. Copyright © 2014 Gastrocount24 GmbH. Alle Rechte vorbehalten. Versand |  Datenschutz Gastronomie Bedarf | AF - Webdesign Hamburg powered by ALSTERfresh - Webdesign für Onlineshops   ","title":"Gastrobedarf > Restposten - Gastrocount24 Deutschland","desc":null,"details":{"length":2796,"language":"de","date":"2014/10/31 16:18:41","type":"application/xhtml+xml","country":""},"crawling":{"duration":"1","date":"2014/10/31 16:18:41"},"metas":[],"uri":{"protocol":"http","domain":"de.gastrocount24.","url":"http://gastrocount24.de/restposten-c-1210.html?oscsid=7u67mom7gbhkc468cvhtq9qn87"}}},{"_index":"de_content_201410","_type":"resourceQ","_id":"http://rellaser.de/products_new.php?action=buy_now&page=1&products_id=193&products_id=100146","_score":1.0, "_source" : {"body":" Mein Konto  |  Meine Anfrage (0) +49 (0)89 890214 41 Suchen   Home Unternehmen Qualitätssicherung Service Kundenservice Garantieregistrierung Angebot anfragen Kontakt Categories HF Senderöhren für Ihren Laser Ersatz- und Verbrauchsteile für CO 2 Laser Produkte nach Systemhersteller Bystronic TRUMPF Falten- und Kastenbälge Bystronic TRUMPF Laser-Filter Bystronic TRUMPF CO 2 Laser-Linsen Bystronic TRUMPF Laser-Spiegel Bystronic TRUMPF Laser-Düsen und Zubehör Bystronic TRUMPF Sonstige Laserteile Trumpf Driver Stages Trumpf Water Treatment Kits Wir sind ein weltweit führender Anbieter von technischen Lõsungen Startseite » Ersatz- und Verbrauchsteile für CO 2 Laser » CO 2 Laser-Linsen » Bystronic » RLB404/50S » Neue Produkte Neue Produkte   Nozzel ø4.5 mm CP aufgenommen am: Donnerstag, 12. Juni 2014 Hersteller: Preis:   Truelaser 3530 Inner Beam X - Bellows aufgenommen am: Donnerstag, 12. Juni 2014 Hersteller: Preis:   Trulaser 3530 Inner Beam Path X - Bellows aufgenommen am: Donnerstag, 12. Juni 2014 Hersteller: Preis:   Trulaser 3530 Beam Y - Bellows aufgenommen am: Donnerstag, 12. Juni 2014 Hersteller: Preis:   Trulaser 3530 Beam Path Y - Bellows aufgenommen am: Donnerstag, 12. Juni 2014 Hersteller: Preis:   5\" F/L, 1.5\" Dia., 0.236 ET, AR≤ 0.20% aufgenommen am: Donnerstag, 12. Juni 2014 Hersteller: Preis:   7.5\" F/L, 1.5\" Dia., 0.236 ET, AR≤ 0.20% aufgenommen am: Donnerstag, 12. Juni 2014 Hersteller: Preis:   BYSTAR 4020 Rail/Beam Y - Bellows aufgenommen am: Donnerstag, 12. Juni 2014 Hersteller: Preis:   BYSTAR 4020 Rail Y - Bellows aufgenommen am: Donnerstag, 12. Juni 2014 Hersteller: Preis:   BYSTAR 4020 Beam Y - Bellows aufgenommen am: Donnerstag, 12. Juni 2014 Hersteller: Preis: angezeigte neue Produkte: 1 bis 10 (von 572 insgesamt) Seiten:   1   2   3   4   5  ...   [nächste >>]  © 2014 Richardson Electronics - Boschstrasse 1 Puchheim D-82178 Germany Phone: +49-89-890214 32 - Fax: +49-89-890214-90 Allgemeinen Geschäftsbedingungen | Datenschutz | Sitemap | Rell.com | Treueprogramm Anmeldeformular Bystronic® und Trumpf® sind registrierte Warenzeichen von Bystronic Laser AG und Trumpf GmbH & Co. KG. Richardson Electronics, Ltd. ist ein unabhängiger Anbieter von Ersatzteilen zum Einsatz in Bystronic® und Trumpf® Lasersysteme. Angaben zu Trumpf- und Bystronic- Namen, Markenzeichen, Teilenummern und Maschinenmodelle dienen zur Identifizierung und Anwendungsverweis. Alle Teile sind von oder für Richardson Electronics, Ltd. hergestellt. Site Credits: Ecreativeworks ","title":"- Richardson Electronics","desc":null,"details":{"length":2507,"language":"de","date":"2014/10/31 16:18:40","type":"text/html","country":""},"crawling":{"duration":"1","date":"2014/10/31 16:18:40"},"metas":[{"name":"Description","value":""},{"name":"Keywords","value":""},{"name":"msvalidate.01","value":"B0C09144935615A3A8EE0DB7E7AC689E"}],"uri":{"protocol":"http","domain":"de.rellaser.","url":"http://rellaser.de/products_new.php?action=buy_now&page=1&products_id=193&products_id=100146"}}},{"_index":"de_content_201410","_type":"resourceQ","_id":"http://schneller-und-besser.de/forum/user/2-esmoh/?s=f8dd4f5acb82556285636d3cd28e1dcb7de370c5","_score":1.0, "_source" : {"body":" Sie sind nicht angemeldet. Anmelden Registrieren Sprache ändern Deutsch Deutsch (Anrede »Du«) Englisch Ungelesene Beiträge Unbeantwortete Themen Themen der letzten 24 Stunden Erweiterte Suche Supportforum von DIE Spezialisten - J.Suing Zur Webseite DIE Faq DAS Forum DER Shop   Supportforum von DIE Spezialisten - J.Suing Supportforum für Software & Development für Tobit David, Kerio Connect, work ... for all! und mehr. Portal Forum Termine F-Team Galerie Supportforum von DIE Spezialisten - J.Suing » Mitglieder » Profil von »esmoh« Lieber Besucher, herzlich willkommen bei: Supportforum von DIE Spezialisten - J.Suing. Falls dies Ihr erster Besuch auf dieser Seite ist, lesen Sie sich bitte die Hilfe durch. Dort wird Ihnen die Bedienung dieser Seite näher erläutert. Darüber hinaus sollten Sie sich registrieren, um alle Funktionen dieser Seite nutzen zu können. Benutzen Sie das Registrierungsformular, um sich zu registrieren oder informieren Sie sich ausführlich über den Registrierungsvorgang. Falls Sie sich bereits zu einem früheren Zeitpunkt registriert haben, können Sie sich hier anmelden. esmoh Staff Member (Spezialist) »esmoh« ist männlich Registrieren Sie sich jetzt! Sie müssen sich registrieren, um eine Verbindung mit diesem Benutzer herzustellen. Persönliche Informationen Geburtstag 26. Mai 1981 (33) Geschlecht Männlich Wohnort Würzburg Beruf IT Consultant / Spezialist für Tobit Software Zum Seitenanfang Beiträge (259) EIB Automation Port in virtueller Umgebung Mittwoch, 9. November 2011, 19:07 Interne Mailadressen über Postman abwickeln? Dienstag, 19. Juli 2011, 10:31 Interne Mailadressen über Postman abwickeln? Dienstag, 19. Juli 2011, 08:47 Update von DavidFX (2010) auf david FX (2011) - SQL Probleme beseitigt? Samstag, 16. Juli 2011, 14:32 Fax Port beendet sich Mittwoch, 22. Juni 2011, 18:33 Zum Seitenanfang Alle Beiträge anzeigen Alle Themen anzeigen Kontakt Website http://www.mohrit.de E-Mail-Adresse E-Mail an »esmoh« senden Skype esmoh_ vCard esmoh Allgemeine Informationen Registrierungsdatum Freitag, 28. Dezember 2007, 12:54 Letzte Aktivität Dienstag, 13. November 2012, 16:00 Profil-Aufrufe 4 135 (1,73 Aufrufe pro Tag) Beiträge 259 (0,11 Beiträge pro Tag) DIE Spezialisten für Tobit Software - Impressum Forensoftware: Burning Board®, entwickelt von WoltLab® GmbH ","title":"Profil von »esmoh« - Mitglieder - Supportforum von DIE Spezialisten - J.Suing","desc":"Willkommen in der Download Datenbank von DIE Spezialisten - J.Suing.","details":{"length":2313,"language":"de","date":"2014/10/31 16:18:40","type":"application/xhtml+xml","country":""},"crawling":{"duration":"1","date":"2014/10/31 16:18:40"},"metas":[{"name":"description","value":"Willkommen in der Download Datenbank von DIE Spezialisten - J.Suing."},{"name":"keywords","value":"Tobit Downloads, DIE Spezialisten Downloads, Tobit David Downloads, Kerio Connect"}],"uri":{"protocol":"http","domain":"de.schneller-und-besser.","url":"http://schneller-und-besser.de/forum/user/2-esmoh/?s=f8dd4f5acb82556285636d3cd28e1dcb7de370c5"}}},{"_index":"de_content_201410","_type":"resourceQ","_id":"http://freeridershop.de/never-summer?bodysize=4802&cat=3&price=900-&productcolor=5&symmetrie=4771","_score":1.0, "_source" : {"body":" Bestpreis Fachkompetenz Ab 150,- € Versandkostenfrei (DE) Besuch´ uns in Hamburg Freeridershop Suche Warenkorb Es befinden sich 0 Artikel im Warenkorb. Login Passwort vergessen? Store +49(0)40 - 440867 Onlineshop +49(0)40 - 69277177 Kite Herren Kites Bars Kiteboards Bindungen Trapeze Neopren Bekleidung Helme Schutzwesten Damen Kites Bars Kiteboards Bindungen Trapeze Neopren Bekleidung Helme Schutzwesten Kinder Kiteboards Bindungen Trapeze Neopren Bekleidung Helme Schutzwesten Zubehör Taschen Pumpen Leashes Finnen Brillen Reparatur & Ersatzteile Hilfsmittel GoPro Outlet Kite SUP Herren SUP-Boards Paddel Neopren Bekleidung Westen Damen Boards Paddel Neopren Bekleidung Westen Kinder Boards Paddel Neopren Bekleidung Westen Zubehör für Welle für Touren für Training Taschen Finnen Pflege & Ersatzteile Hilfsmittel GoPro Bike Herren Bekleidung Helme Protektoren Damen Bekleidung Helme Protektoren Zubehör Rucksäcke Taschen Snowboard Herren Snowboards Bindungen Schuhe Bekleidung Helme Protektoren Schneebrillen Damen Snowboards Bindungen Schuhe Bekleidung Helme Protektoren Schneebrillen Kinder Snowboards Bindungen Schuhe Bekleidung Helme Zubehör Rucksäcke Taschen Pflege GoPro Outlet Snowboard Ski Herren Ski Skibindungen Sets Skischuhe Skistöcke Skibekleidung Skihelme Protektoren Skibrillen Damen Ski Sets Skibekleidung Protektoren Skibrillen Kinder Skischuhe Zubehör Rucksäcke Taschen Outlet Ski Touren Herren Ski Bindungen Stöcke Felle & Harscheisen Bekleidung Schneebrillen Damen Bekleidung Schneebrillen Lawinen- sicherheit LVS Geräte Sonden Schaufeln Sets ABS LS-Zubehör Zubehör Rucksäcke Marken Events Store Never Summer designt und konstruiert Snowboards seit 1983. Mit Highend-Materialien und Knowhow verfolgen sie ihren Anspruch, nichts weniger als die besten Boards zu bauen. Dafür geben sie lieber weniger fürs Marketing aus und konzentrieren sich auf die eigene Produktion in Denver, Colorado, wo ein hoher Qualitätsstandard verfolgt wird. Nach eigener Aussage geht Never Summer mit ihren Produkten nur in die weltbesten Snowboardshops – thanx – und entwickeln dafür Bretter, die einfach mal die nächste Latte vorgeben. Rockertechnisch verfolgt Never Summer seit 2008 eine eigene Philosophie: Die Schmiede entwickelte die Rocker&Camber-Bauweise (R.C.-Technology): Konkret liegt der Rocker zwischen den Füssen, unterhalb der Füße ist der Shape als Camber gestaltet. Hierdurch erreichen die Never Summer Boards ein noch nie erreichtes Ansprechverhalten sowie unglaubliche Power und Stabilität. Sein Wissen überträgt No Summer in den letzten Jahren auch auf Longboards. Der Range der Boards reicht vom klassischen Pintail Longboard (Eclipse) über einen Newschool Poolshape (Assault) bis hin zum Drop-Trough Flexdeck (Heist). Sortieren nach Preis absteigend Preis aufsteigend Markenname A-Z Markenname Z-A Artikelname A-Z Artikelname Z-A Produkte anzeigen 16 32 64 Seite von 1 Varianten NEVER SUMMER Prospector X Split 2014 167   999,90 € inkl. 19% MwSt., zzgl. Versandkosten Sortieren nach Preis absteigend Preis aufsteigend Markenname A-Z Markenname Z-A Artikelname A-Z Artikelname Z-A Produkte anzeigen 16 32 64 Seite von 1 Herren Gruppe Herren Marke NEVER SUMMER Fahrkönnen Fortgeschritten Experte Terrain Freeriden Backcountry Big Mountain Touren Bauweise Wide Rocker+Camber Splitboard Flex Mittel Weich Boardlänge (cm) 160-169 Fahrergewicht (kg) 80-89 90-99 100- Schuhgröße 46-48 49- Top Snowboard-Shop Skishop Touren Kiteshop Stehpaddeln Fahrradshop Newsletter abbonieren Marken News Impressum AGB Datenschutz Widerruf © 2013 Freerider Bitte warten... ","title":"Snowboard - NEVER SUMMER - Freeridershop","desc":"Freerider Onlineshop, seit 2000 der Experte für Snowboards, Freeski, Kitesurfen, Stand Up Paddling und Bike","details":{"length":3576,"language":"de","date":"2014/10/31 16:18:41","type":"application/xhtml+xml","country":""},"crawling":{"duration":"1","date":"2014/10/31 16:18:41"},"metas":[{"name":"description","value":"Freerider Onlineshop, seit 2000 der Experte für Snowboards, Freeski, Kitesurfen, Stand Up Paddling und Bike"},{"name":"robots","value":"INDEX,FOLLOW"}],"uri":{"protocol":"http","domain":"de.freeridershop.","url":"http://freeridershop.de/never-summer?bodysize=4802&cat=3&price=900-&productcolor=5&symmetrie=4771"}}},{"_index":"de_content_201410","_type":"resourceQ","_id":"http://tk.modellehamburg.de/sex/dienstag/01_00/ts-catherine_sheraton_2439/bilder.html","_score":1.0, "_source" : {"body":"giriş kaydetmek arama haber buraya Reklam Modeller son 100 özel Modeller Videolar House & Hotel transeksüel bizarrlady baskın itaatkâr masajlar çiftler Escort / eskort mekanları gece kulüpleri / bar Masaj kulüpleri seks partileri seks sinemalar FKK / Sauna kulüpleri Domina-Studios haber Live chat Ziyaretçi defteri Yetişkin Tarihler Beauty Benim favoriler Turist Bilgi Bülten Kulüp Bölüm / Üyeler kaldırımlar Webcam Pazar reklam açın Ero-Butler Rotlicht-Patrol Rotlicht-Promotion Studio48 Surf İpuçları reportagen Banner Çiftliği Tüm ilçeler Bad Oldesloe Bad Segeberg Buchholz in der Nordheide Düsseldorf-Erkrath Düsseldorf-Tönisvorst Flensburg-Handewitt Garlstorf Geesthacht Hamburg-Altona Hamburg-Bahrenfeld Hamburg-Barmbek Hamburg-Bergedorf Hamburg-Billbrook Hamburg-Billstedt Hamburg-Borgfelde Hamburg-Bramfeld Hamburg-City Hamburg-Eidelstedt Hamburg-Eimsbüttel Hamburg-Eppendorf Hamburg-Fuhlsbüttel Hamburg Hamburg-Groß Borstel Hamburg-Hamm Hamburg-Hammerbrook Hamburg-Harburg Hamburg-Hohenfelde Hamburg-Horn Hamburg-Langenhorn Hamburg-Lohbrügge Hamburg-Lokstedt Hamburg-Lurup Hamburg-Mundsburg Hamburg-Niendorf Hamburg-Ohlsdorf Hamburg-Rahlstedt Hamburg-Rotherbaum Hamburg-Schnelsen Hamburg-St. Georg Hamburg-St. Pauli Hamburg-Stellingen Hamburg-Sternschanze Hamburg-Tonndorf Hamburg-Veddel Hamburg-Wandsbek Hamburg-Winterhude Henstedt-Ulzburg Horneburg Lauenburg Lübeck Lüneburg-Adendorf Lüneburg Neu Wulmstorf Norderstedt Osnabrück-Wallenhorst Pinneberg Rellingen Rendsburg-Eckernförde-Hanerau-Hademarschen Seevetal Soltau Stade Stelle-Ashausen Stormarn-Lütjensee Tangstedt Tostedt Wentorf Winsen önceki reklam geri listeye TS-Catherine Sheraton Sonraki reklam genel bakış Service hizmet galeri Ziyaretçi defteri baskı Poplist TS-Catherine Sheraton Künye | temas | şartlar | Jobs | Presse Modelle-Hamburg.com | Modelle-Hamburg.de | Modelle-Hamburg.mobi | Modelle-Hamburg.tv | Modelle-Buxtehude | Modelle-Flensburg | Modelle-Hannover Modelle-Lübeck | Modelle-Schleswig-Holstein | Modelle-Stade | Studio48 | Rotlicht-Patrol | Rotlicht-Promotion | Ero-Butler | Modelle-Cams | Bordelltest Deutschland | | | | | | | | | Ben 18 yaşındayım Ben 18 yaşında, mobil versiyonu ÖS Ben 18 yaşından yaşındayım Sayfalar ... deutsch english polski российский castellano türkçe","title":"TS-Catherine Sheraton - Modelle Hamburg","desc":"TS-Catherine Sheraton Hamburg-Hamm TS-Catherine Sheraton","details":{"length":2268,"language":"tr","date":"2014/10/31 16:18:41","type":"application/xhtml+xml","country":""},"crawling":{"duration":"1","date":"2014/10/31 16:18:41"},"metas":[{"name":"description","value":"TS-Catherine Sheraton Hamburg-Hamm TS-Catherine Sheraton"},{"name":"keywords","value":"TS-Catherine Sheraton, , Hamburg-Hamm,"},{"name":"dc.title","value":"Bordelle, Huren, Nutten und Gangbang in Hamburg – Modelle Hamburg"},{"name":"dc.creator","value":"Sabine Strauß"},{"name":"dc.description","value":"Der kostenlose Erotikführer für Hamburg, Schleswig-Holstein und Niedersachsen - Nutten, Bordelle, Huren, Dominas, Gangbang, Anal-Sex und vieles mehr."},{"name":"dc.publisher","value":"Red Label Media Ltd."}],"uri":{"protocol":"http","domain":"de.modellehamburg.tk.","url":"http://tk.modellehamburg.de/sex/dienstag/01_00/ts-catherine_sheraton_2439/bilder.html"}}},{"_index":"de_content_201410","_type":"resourceQ","_id":"http://bookmark-feed.de/tag/stempel-bestellen.html","_score":1.0, "_source" : {"body":"   STARTSEITE ANMELDUNG NEU WERBEMITTEL RSS-FEEDS     Bookmarks zum Tag stempel-bestellen Stempelwerk.com - günstig stempel online bestellen Guter preiswerter Service. Stempel online bestellen, übersichtlicher Shop, schnelle Lieferung. Besonders bei Firmenstempeln und Trodat Stempeln zu empfehlen stempel    stempel-bestellen    stempel-shop    trodat-printy    colop    stempel-selbst-gestalten Hinzugefügt am 16.03.2012 - 04:15:12 vom FARANG - 1 Benutzer Kategorie: Einkaufen http://www.stempelwerk.com/     RSS-Feeds zum Tag stempel-bestellen Keine (weiteren) RSS-Feeds vorhanden!     Artikel zum Tag stempel-bestellen Keine (weiteren) Artikel vorhanden!     Suche     Login Benutzername: Passwort:   Passwort vergessen?     Kategorien    Beruf    Bildung    Dienstleistungen    Einkaufen    Ernährung    Finanzen    Freizeit    Gesellschaft    Gesundheit    Internet    Kommunikation    Kultur    Reisen    Technik    Umwelt    Unterhaltung    Verkehr     Top Themen Tags ankauf artikel artikelverzeichnis autoankauf beitragsverzeichnis blog dach dachbeschichtungsfarbe dachfarbe dental dentist dentistry dentists gebrauchtwagen-ankauf gesundheit günstig handy health hotel internet jobs kosmetikspiegel kredit marketing musik news online pkw-ankauf plissee prepaid rechtsanwalt recruitment reisen schlager seo shop uk urlaub vacancies vacancy     Anzeige   © 2009 bookmark-feed - Alle Rechte vorbehalten Startseite | Impressum ","title":"Einträge zum Tag stempel-bestellen","desc":"Noch mehr Einträge zum Tag stempel-bestellen","details":{"length":1433,"language":"de","date":"2014/10/31 16:18:42","type":"text/html","country":""},"crawling":{"duration":"1","date":"2014/10/31 16:18:42"},"metas":[{"name":"description","value":"Noch mehr Einträge zum Tag stempel-bestellen"},{"name":"keywords","value":"stempel-bestellen"},{"name":"country","value":"Germany"},{"name":"content-language","value":"de"},{"name":"author","value":"Michael Bödelt"},{"name":"publisher","value":"Bookmark-Feed.de"},{"name":"designer","value":"Michael Bödelt"},{"name":"copyright","value":"© 2009 Bookmark-Feed.de"},{"name":"page-topic","value":"Internet"},{"name":"abstract","value":"Bookmarks, RSS, Artikelverzeichnis"},{"name":"revisit-after","value":"3 days"},{"name":"robots","value":"index,follow,noodp"},{"name":"verify-v1","value":"LR9Qy798y5tE8tx3Az59LD/7E6UbVWBZZDA034yU8vg="}],"uri":{"protocol":"http","domain":"de.bookmark-feed.","url":"http://bookmark-feed.de/tag/stempel-bestellen.html"}}},{"_index":"de_content_201410","_type":"resourceQ","_id":"http://vonhofen-juweliere.de/armschmuck/armband-reif-mit-sonstigem-besatz/?sid=e55j9875lffcvma3tboiglojj5","_score":1.0, "_source" : {"body":"   Wunschliste Sie haben Ihr Passwort vergessen? Kein Problem, hier können Sie ein neues Passwort einrichten. Ihre E-Mail-Adresse: Bitte Feld ausfüllen! Bitte geben Sie eine gültige E-Mail-Adresse ein   Passwort anfordern   Nachdem Sie den 'Passwort anfordern'-Knopf angeklickt haben, schicken wir Ihnen eine E-Mail zu, mit der Sie Ihr Passwort ändern können. Sollten Sie innerhalb der nächsten Minuten KEINE E-Mail mit Ihren Zugangsdaten erhalten, so überprüfen Sie bitte: Haben Sie sich in unserem Shop bereits registriert? Wenn nicht, so tun Sie dies bitte einmalig im Rahmen des Bestellprozesses. Sie können dann selbst ein Passwort festlegen. Sobald Sie registriert sind, können Sie sich in Zukunft mit Ihrer E-Mail-Adresse und Ihrem Passwort einloggen. Wenn Sie sich sicher sind, dass Sie sich in unserem Shop bereits registriert haben, dann überprüfen Sie bitte, ob Sie sich bei der Eingabe Ihrer E-Mail-Adresse evtl. vertippt haben. Sollten Sie trotz korrekter E-Mail-Adresse und bereits bestehender Registrierung weiterhin Probleme mit dem Login haben und auch keine \"Passwort vergessen\"-E-Mail erhalten, so wenden Sie sich bitte per E-Mail an:  info@vonhofen-juweliere.de   Login Login E-Mail-Adresse:   Passwort     Passwort vergessen? Konto eröffnen Login    Suche: Suche erweiterte Suche alle Kategorien Armschmuck - Armband/reif ohne Besatz (80) - Armband/reif mit Brillanten (83) - Armband/reif mit sonstigem Besatz (41) - Perlarmbänder (131) Halsschmuck - Colliers und Ketten ohne Besatz (74) - Colliers mit Brillanten (63) - Colliers mit verschiedenem Besatz (59) - Collierkettchen (40) - Anhänger ohne Besatz (455) - Anhänger mit Brillanten (116) - Anhänger mit verschiedenem Besatz (94) - Akoya/Zuchtperl-Colliers (15) - Süßwasserzuchtperlen-Colliers (48) - Stein/Korallen/Sonst.-Ketten (9) - Schließen/Sonstiges (59) - Südsee ZuchtperlKetten (11) - Tahiti Zuchtperlkette (11) Ohrschmuck - Stecker/Hänger ohne Besatz (22) - Stecker/Hänger mit Brillanten (85) - Stecker/Hänger verschiedener Besatz (230) - Creolen (40) - Perlohrringe (77) Ringe - Solitär Ringe (50) - Memoire Ringe (21) - Ringe mit Brillanten (194) - Ringe verschieden farbiger Besatz (486) - Ringe ohne Besatz (97) - Trauringe ohne Besatz (34) - Trauringe mit Brillanten (21) - Perlringe (51) Silberschmuck - SI Armschmuck (89) - SI Colliers (40) - SI Collierkettchen (6) - SI Ohrschmuck (19) - SI Ringe (63) - SI Kleinsilber DODO (1) Uhren - DAU Lederband, sonst.Metalle (2) - DAU Metallband, Stahl/Edelmetall (2) - DAU Edelmetall (3) - HAU Lederband, sonst. Metalle (4) - HAU Metallband, sonst.Metalle (4) - HAU Lederband, Stahl/Edelmetall (1) - HAU Edelmetall (2) - Chronographen/Techn.Uhren (3) Zubehör - Geschenkartikel (16) - Männerschmuck -- Manschettenknöpfe (25) - Nadeln/Broschen -- Nadel/Brosche ohne Besatz (4) -- Nadel/Brosche mit Brillanten (9) -- Nadel/Brosche m.sonst.Besatz (2) -- Broschen mit Besatz (5) - Dodo Zubehör (683) Angebote (4) alle Hersteller A.Odenwald Bossert und Kast Buelling Germany Bvlgari Deutschland GmbH Casato SRL Crivelli Demaria Group s.r.l Diverse Dodo Fope s.r.l Gavello,Rinaldo Gellner Henrich und Denzel JProjekt S.r.l. Krieger,Hans D. Kunst am Werk Mayer,Victor Michael Weggenmann OFIR s.r.l. Oromalia Pesavento Pomellato Rivoir,Hans Roberto Demeglio Schaffrath,Gebrüder Schoeffel,Wilhelm Scholl, Arthur Schreiner,Gerhard Utopia Von Hofen Zoccai Armschmuck Armband/reif ohne Besatz Armband/reif mit Brillanten Armband/reif mit sonstigem Besatz Perlarmbänder Halsschmuck Colliers und Ketten ohne Besatz Colliers mit Brillanten Colliers mit verschiedenem Besatz Collierkettchen Anhänger ohne Besatz Anhänger mit Brillanten Anhänger mit verschiedenem Besatz Akoya/Zuchtperl-Colliers Süßwasserzuchtperlen-Colliers Stein/Korallen/Sonst.-Ketten Schließen/Sonstiges Südsee ZuchtperlKetten Tahiti Zuchtperlkette Ohrschmuck Stecker/Hänger ohne Besatz Stecker/Hänger mit Brillanten Stecker/Hänger verschiedener Besatz Creolen Perlohrringe Ringe Solitär Ringe Memoire Ringe Ringe mit Brillanten Ringe verschieden farbiger Besatz Ringe ohne Besatz Trauringe ohne Besatz Trauringe mit Brillanten Perlringe Silberschmuck SI Armschmuck SI Colliers SI Collierkettchen SI Ohrschmuck SI Ringe SI Kleinsilber DODO Uhren DAU Lederband, sonst.Metalle DAU Metallband, Stahl/Edelmetall DAU Edelmetall HAU Lederband, sonst. Metalle HAU Metallband, sonst.Metalle HAU Lederband, Stahl/Edelmetall HAU Edelmetall Chronographen/Techn.Uhren Zubehör Geschenkartikel Männerschmuck Herrenring Manschettenknöpfe Krawatten- / Ansteckschmuck Uhrketten Nadeln/Broschen Nadel/Brosche ohne Besatz Nadel/Brosche mit Brillanten Nadel/Brosche m.sonst.Besatz Broschen mit Besatz Dodo Zubehör Angebote Marken Warenkorb Armband/reif mit sonstigem Besatz Home ›  Armschmuck ›  Armband/reif mit sonstigem Besatz Armband/reif ohne Besatz Armband/reif mit Brillanten Armband/reif mit sonstigem Besatz Perlarmbänder Artikel pro Seite: 12 24 60 Sortierung: Wählen Name (Aufsteigend) Name (Absteigend) Preis (Aufsteigend) Preis (Absteigend) 1 2 3 4 » Fope Flexit Armband \"Wild Rose \" 3.700,- € * Detail › Dodo Armband 100% Amore 3 synth. Rubine 515,- € * Detail › Armband 750GG Citrin,Peridot,Brillant 5.350,- € * Detail › Armband Gelbgold Türkis,Koralle Onyx 760,- € * Detail › Armband 750/-Rosegold Rauchquarz,Brill. 3.550,- € * Detail › Armreif Silber Mondsteine und Diamanten 5.250,- € * Detail › Panzerarmband mit Smaragden und Safiren 27.650,- € * Detail › Armband Gelbgold mit 9 Lemonquarzen 2.870,- € * Detail › Armband 750 Gelbgold mit Farbsteinen 15.250,- € * Detail › Armband 750 Gelbgold Tansanite,Turmaline 12.200,- € * Detail › Panzerarmband 750 Gelbgold mit 5 Safiren 5.950,- € * Detail › Armband 750 Roségold pink Safire 13.200,- € * Detail › Artikel pro Seite: 12 24 60 Sortierung: Wählen Name (Aufsteigend) Name (Absteigend) Preis (Aufsteigend) Preis (Absteigend) 1 2 3 4 » Service AGB Widerrufsrecht Datenschutz Versand und Kosten Kontakt Aktuelles Newsletter  Über von Hofen Firmenprofil Juwelier Stuttgart Meisterwerkstatt Schmucklexikon VON HOFEN Magazin Impressum Sichere Daten Schön, dass Sie sich für unsere Webseite interessieren. Selbstverständlich legen wir großen Wert auf die Wahrung Ihrer Privatsphäre und behandeln Ihre Daten streng vertraulich Mehr Info › &copy2012 Zahlungsarten Bei Juwelier von Hofen GmbH können Sie zwischen verschiedenen Zahlarten wählen Mehr Info › Lieferung   Mehr Info › Zertifiziert Geprüfter Online-Shop mit kostenloser Geld-zurück-Garantie von Trusted Shops. Klicken Sie auf das Gütesiegel, um die Gültigkeit zu prüfen. * inkl. MwSt., zzgl. Versandkosten ","title":"Armband/reif mit sonstigem Besatz | Schmuck online kaufen bei Juwelier von Hofen in Stuttgart ","desc":"Armschmuck - Armband/reif mit sonstigem Besatz.","details":{"length":6595,"language":"de","date":"2014/10/31 16:18:38","type":"text/html","country":""},"crawling":{"duration":"1","date":"2014/10/31 16:18:38"},"metas":[{"name":"google-site-verification","value":"XCzd6KrPABNotazY-JxrOhvOCHwFAqATu9EDbxQMqzc"},{"name":"description","value":"Armschmuck - Armband/reif mit sonstigem Besatz."},{"name":"keywords","value":"armschmuck, armband/reif, mit, sonstigem, besatz"}],"uri":{"protocol":"http","domain":"de.vonhofen-juweliere.","url":"http://vonhofen-juweliere.de/armschmuck/armband-reif-mit-sonstigem-besatz/?sid=e55j9875lffcvma3tboiglojj5"}}},{"_index":"de_content_201410","_type":"resourceQ","_id":"http://express-kniga.de/search?principiasearchsource=%d0%a5%d0%be%d0%b3%d0%b0%d1%80%d1%82+%d0%ad%d0%bd%d0%bd&s=item_name","_score":1.0, "_source" : {"body":" Kniga, Русские книги в Германии, купить книгу (книга), Интернет МАГАЗИН Книги ФИЛЬМЫ, МУЗЫКА для Германии и всей Европы! Мои настройки Доставка и оплата Как сделать заказ? Контакт Подарить книгу Топ 30 Sale Новинки Авторы >> На кассу Поиск | Виртуальная клавиатура Получить 10 евро? Легко! Книги Русский и зарубежный роман Детективы, триллеры, боевики Детям и их родителям Романы о любви Фантастика, мистика Компьютеры и интернет Маркетинг и бизнес Психология, здоровье, целительство Дом, семья, хобби История, культура, жизненный опыт Религия, философия, эзотерика Энциклопедии, справочники, словари, учебники Поэзия Книга - лучший подарок DVD Отечественное кино Детективы, триллеры, боевики Комедии, юмор Фильмы для детей Музыкальные фильмы Электронные словари и переводчики Музыкальные CD Музыка кино и этническая музыка Классическая и инструментальная музыка Шансон и авторская песня Поп-музыка Рок-музыка Детские песни Аудиокниги Аудиокниги для детей Наклейки Наклейки на клавиатуру Супернаклейки * * * Мы рады приветствовать Вас! » Главная » Поиск Статус Название (А – Я) , Сортировать по дате поступления Автор (А – Я) Цена Купить книгу Мафин и его веселые друзья - Из серии: Для самых маленьких Хогарт Энн 6.70  € - временно отсутствует - в наличии - новые поступления Главная Доставка и оплата Как сделать заказ? AGB Impressum Alle Rechte vorbehalten. Alle Preise inkl. MwSt., zzgl. Versandkosten. Lieferung zu den Allgemeinen Geschäftsbedingungen. Unser Warenbestand besteht aus Importartikeln. Alle persönlichen Daten werden entsprechend dem Bundesdatenschutzgesetz behandelt. Сделав заказ сегодня, уже через день или два Вы можете стать обладателем НОВИНКИ из Германии ! Удачного поиска! Copyright 2003 - 2014 © Express-Kniga Entwicklung: V.A.Vorobiev | Design: AR Design NoneNone close Пелевин держит планку... «Бэтман Аполло» Пелевин Виктор Великолепно, глубоко, многогранно! Возникли вопросы? Свяжитесь с нами! +49 (0)221 271 3236 info@express-kniga.de #var rustast закрыть ","title":"\nExpress-kniga.de: КНИГИ (Knigi): Русские Книги, Аудиокниги, Фильмы и Музыка в Германии\n","desc":"Русские книги (Knigi), аудиокниги, фильмы, музыка, наклейки на клавиатуру в Германии. Большой выбор. Отправка в день заказа. Бесплатная доставка по Германии от 48 €","details":{"length":1990,"language":"ru","date":"2014/10/31 16:18:39","type":"application/xhtml+xml","country":""},"crawling":{"duration":"1","date":"2014/10/31 16:18:39"},"metas":[{"name":"keywords","value":"Книги, русские книги в Германии, купить книгу в Германии, купить книги, русские книги, knigi, kniga, книга, заказать книги, книги почтой, книги в Германии, русские книги в Европе, russische Buecher, russische Bücher , Buecher auf russisch, Buch auf russisch,Buch russisch, russian books, аудиокниги, фильмы, музыка, русские DVD, CD, Audiobuecher auf russisch, russische Hoerbuecher, Hörbücher auf russisch, audioknigi"},{"name":"audience","value":"all"},{"name":"robots","value":"FOLLOW"},{"name":"description","value":"Русские книги (Knigi), аудиокниги, фильмы, музыка, наклейки на клавиатуру в Германии. Большой выбор. Отправка в день заказа. Бесплатная доставка по Германии от 48 €"},{"name":"DC.Language","value":"ru"}],"uri":{"protocol":"http","domain":"de.express-kniga.","url":"http://express-kniga.de/search?principiasearchsource=%d0%a5%d0%be%d0%b3%d0%b0%d1%80%d1%82+%d0%ad%d0%bd%d0%bd&s=item_name"}}},{"_index":"de_content_201410","_type":"resourceQ","_id":"https://planet-patchwork.de/fr/article/bm/25315/3/","_score":1.0, "_source" : {"body":" Accueil Tissus Nouveautés Offres Accessoires Perles Conditions Contact Design Pad Panier bm-107-07-9010 Fabricant/Designer: Red Rooster Fabrics 'Happy Harvest' taille de la photo 33 cm x 25 cm Prix: 16,90 € / m centimètre Prix: 4,23 € / FQ FQ optimized for standards Planet Patchwork Shop 3.1 ","title":"Planet Patchwork » Article » bm-107-07-9010","desc":"Patchwork-Shop mit riesiger Auswahl (über 3000 Stoffe).","details":{"length":294,"language":"fr","date":"2014/10/31 16:18:41","type":"application/xhtml+xml","country":""},"crawling":{"duration":"1","date":"2014/10/31 16:18:41"},"metas":[{"name":"revisit-after","value":"14 days"},{"name":"description","value":"Patchwork-Shop mit riesiger Auswahl (über 3000 Stoffe)."},{"name":"keywords","value":"quilt, quilting, quilts, patchwork, stoffe, patchworkstoff, patchworkstoffe, hoffman, hofmann, kaufmann, kaufman, kaffe fassett, tante ema, andover, benartex, classic cottons, clothworks, cranston, david textiles, fabri-quilt, northcott, moda, makower, stof, maywood, spectrix, south sea imports, free spirit, clover, prym, guetermann, rollschneider, coats, sulky, omnigrid, sticken, metz, stoffe, baumwollstoffe, shop, berlin"},{"name":"robots","value":"INDEX, FOLLOW"},{"name":"rating","value":"Safe For Kids"},{"name":"copyright","value":"planet-patchwork.de"},{"name":"author","value":"Niklas Bölter [niklas@frubar.net]"},{"name":"language","value":"French"},{"name":"generator","value":"vim, xinha, BBEdit, TextMate"}],"uri":{"protocol":"https","domain":"de.planet-patchwork.","url":"https://planet-patchwork.de/fr/article/bm/25315/3/"}}},{"_index":"de_content_201410","_type":"resourceQ","_id":"http://rheinneckarblog.de/tag/arzt","_score":1.0, "_source" : {"body":" Donnerstag, 03. Juli 2014 Impressum Twitter RSS Rheinneckarblog Nachrichten & Informationen In eigener Sache Artikel Dokumentation Faktencheck Kolumnen Kurznachrichten Meinung Sport Service Termine Vereine Verkehr Kultur & Bildung Bildung Kultur Politik & Wirtschaft Politik Wirtschaft Nachbarschaft Dossenheimblog.de Edingenneckarhausenblog.de Heddesheimblog.de Hemsbachblog.de Hirschbergblog.de Ilvesheimblog.de Ladenburgblog.de Laudenbachblog.de Schriesheimblog.de Viernheimblog.de Weinheimblog.de Freundeskreis Aktuelle Seite: Startseite Archive für Arzt Eltern wÃ¼nschen sich inklusiven Unterricht, der bisher als Schulversuch lÃ¤uft Nele ist ein Kind wie alle anderen – nur gehÃ¶rlos 16. Oktober 2013 verÃ¶ffentlicht von Lydia Dartsch Kommentar verfassen Heddesheim/Weinheim/Rhein-Neckar, 16. Oktober 2013. (red/ld) Ihre Taubheit sieht man Ihr nicht an: Sie mag Musik, egal ob laut oder leise. Sie liebt Hip-Hop und Tanzen, Voltigieren und Karate. Nele ist von Geburt an gehÃ¶rlos. Trotzdem geht die SiebenjÃ¤hrige auf dieselbe Schule wie ihre Schwester. Seit drei Jahren haben Eltern beeintrÃ¤chtigter Kinder das Recht, ihre Kinder auf eine Regel- und nicht auf die Sonderschule zu schicken. Und das wird sehr gut angenommen - trotz vieler HÃ¼rden. … [Weiterlesen...] Kategorie: Artikel, Bildung, Kultur & Bildung, Nachrichten, Politik, Politik & Wirtschaft Stichworte: Arnulf Amberg, Arzt, Behinderung, Cochlear Implantat, Gemeinde, Gemeinderat, Gemeinschaftsschule, Grundschule, Heddesheim, hÃ¶rgeschÃ¤digt, Inklusion, inklusiv, Ivonne SchÃ¼ÃŸler, Linn SchÃ¼ÃŸler, Maria-Montessori-Schule, Nele SchÃ¼ÃŸler, PÃ¤dagogik, Per SchÃ¼ÃŸler, Regelschule, Schulamt, SchultrÃ¤ger, Sonderschule, taub, Weinheim Hilfe fÃ¼r Kinder, die nicht sprechen Kandidatinnen und Kandidaten fÃ¼r den bmb gesucht \"Teilen macht glÃ¼cklich\" 50 Jahre IDS: \"Sprachforschung ist wichtig\" Wenn Lehrer und SchÃ¼ler moodlen Zwei Heidelberger Schulen werden Gemeinschaftsschulen Kooperation von Stadtmuseum und Hospiz Elias IndividualitÃ¤t vs. Einheitsbrei Unsere Partner Neueste Kommentare hardyprothmann bei ZÃ¤hlt sexuelle IdentitÃ¤t mehr als der Mensch? tillupp bei Verteidigung beantragt Revision gegen Urteil Demokrat bei Verteidigung beantragt Revision gegen Urteil Ex-Sportmuffel bei Neues Projekt â€žBewegungstreffs im Freienâ€œ lÃ¤uft an tillupp bei Um Anmeldung wird gebeten tillupp bei Lebenslange Freiheitsstrafe fÃ¼r den MÃ¶rder von Gabriele Z. Demokrat bei Lebenslange Freiheitsstrafe fÃ¼r den MÃ¶rder von Gabriele Z. Gustav Gans bei “Verbotene FrÃ¼chte” – die kaputte Welt des SexualmÃ¶rder Emil S. Kurznachrichten BÃ¼cherflohmarkt in Feudenheim GÃ¼nstiger Lesestoff fÃ¼r den Urlaub Auch Kfz-ZulassungsbehÃ¶rden keine Sprechzeiten! Landratsamt am Freitag geschlossen Ab 07. Juli tÃ¤glich von 10:00 bis 21:00 Uhr geÃ¶ffnet LÃ¤nger schwimmen im Freizeit-Bad TiergartenstraÃŸe Polizei nimmt jugendliche Brandstifter fest “Aus Langeweile” Feuer gelegt Sechs- bis acht MÃ¤nner mit BaseballschlÃ¤gern bewaffnet Ãœberfallen und verprÃ¼gelt Alle Kurznachrichten Kontakt zur Redaktion Passiert gerade etwas Besonderes? Gibt es ein Thema, Ã¼ber das wir berichten sollten? Festnetz: 0621/ 437 458 30 Mobil: 0157/ 3925 2626 email: redaktion@rheinneckarblog.de Anzeige Folge uns! Anzeige Folge uns! Anzeige Neueste Tweets (ae) Das Hochbeet zwischen dem ReiÃŸ-Engelhorn-Museum und dem Rathaus erstrahlt in neuer Farbe. Nachdem es zwei... http://t.co/OnZ2bNdqin Yesterday at 18:00 (ae) Die Kommunen haben ein \"blaues Problem\". http://t.co/FpE03YfH4N Yesterday at 16:11 (ae) Die Polizei konnte ein Kilogramm Kokain sicherstellen.... http://t.co/BHJXie58Kv Yesterday at 16:08 (ae) Bewerbungen fÃ¼r den Landesnaturschutzpreis 2014 sind bis zum 01. August mÃ¶glich.... http://t.co/74DwezvB8o Yesterday at 08:00 (ms) Nachdem der MÃ¶rder von Gabriele Z. zu lebenslanger Haft und anschlieÃŸender Sicherheitsverwahrung verurteilt... http://t.co/Mxo9sd8uY6 1. Juli 2014 18:22 Finden Sie uns auf Twitter Anzeige Google Plus In eigener Sache Anzeige Mach mit! Das Rheinneckarblog ist eine offene Plattform. Wir informieren Ã¼berwiegend mit eigenen Artikeln, verÃ¶ffentlichen aber gerne interessante Informationen von Vereinen, Gruppen, Parteien, Einzelpersonen. Wer von diesem Angebot Gebrauch machen will, der schickt seinen Beitrag oder Fotos ganz einfach an: info@rheinneckarblog.de Das gleiche gilt fÃ¼r Veranstaltungshinweise. Wer gerne seinen Termin eintragen lassen will in den Terminkalender: termine@rheinneckarblog.de Telefonisch erreichen Sie uns unter 0621 / 437 548 30. (Einen Anspruch auf VerÃ¶ffentlichung gibt es nicht.) SchlagwÃ¶rter-Wolke Ausstellung Baden-WÃ¼rttemberg Brand BÃ¼ndnis90/Die GrÃ¼nen BÃ¼rgermeister CDU Diebstahl Eckart WÃ¼rzner Ermittlungen Fahndung Feuerwehr Gemeinderat Heddesheim Heidelberg Innenstadt Klinik Krankenhaus Kriminalpolizei KÃ¶rperverletzung Ladenburg Lothar Quast Ludwigshafen Luisenpark Mannheim Neckarstadt OberbÃ¼rgermeister Peter Kurz Polizei Raub Rhein-Neckar-Verkehr GmbH RNV Sachschaden Schwetzingen Sinsheim SPD Sperrung Staatsanwaltschaft StraÃŸenbahn Umleitung Unfall Verkehr Verkehrsunfall Weinheim Wiesloch Zeugenaufruf Nachrichten aus der Nachbarschaft Interessantes aus der Umgebung Literatour mit Stefan Ackermann am Anglersee ( Viernheimblog) Lust aufs Grillen? ( Viernheimblog) Weitere Standorte fÃ¼r FlÃ¼chtlingsunterkunft im Blick ( Weinheimblog) Sessel fÃ¤ngt Feuer ( Weinheimblog) Landratsamt am Freitag geschlossen ( Schriesheimblog) Landratsamt am Freitag geschlossen ( Dossenheimblog) Landratsamt am Freitag geschlossen ( EdNe-blog) Landratsamt am Freitag geschlossen ( Ladenburgblog) Landratsamt am Freitag geschlossen ( Heddesheimblog) Kommunen weiter mit â€œblauem Problemâ€� ( Schriesheimblog) Kommunen weiter mit â€œblauem Problemâ€� ( Heddesheimblog) Nachbarschaft Dossenheimblog Edingenneckarhausenblog Heddesheimblog Hemsbachblog Hirschbergblog Ilvesheimblog Ladenburgblog Laudenbachblog Schriesheimblog Viernheimblog Weinheimblog Artikelarchiv nach Monaten WÃ¤hle den Monat Juli 2014  (21) Juni 2014  (148) Mai 2014  (191) April 2014  (160) MÃ¤rz 2014  (166) Februar 2014  (147) Januar 2014  (173) Dezember 2013  (125) November 2013  (162) Oktober 2013  (169) September 2013  (174) August 2013  (147) Juli 2013  (212) Juni 2013  (208) Mai 2013  (147) April 2013  (170) MÃ¤rz 2013  (132) Februar 2013  (192) Januar 2013  (179) Dezember 2012  (121) November 2012  (242) Oktober 2012  (329) September 2012  (396) August 2012  (264) Juli 2012  (252) Juni 2012  (151) Mai 2012  (180) April 2012  (155) MÃ¤rz 2012  (167) Februar 2012  (89) Januar 2012  (66) Dezember 2011  (37) November 2011  (43) Oktober 2011  (48) September 2011  (50) August 2011  (11) Juli 2011  (71) Juni 2011  (48) Mai 2011  (78) April 2011  (48) MÃ¤rz 2011  (104) Februar 2011  (53) Januar 2011  (72) Kategorien Anzeige (42) Nachrichten (6.077) Artikel (3.836) Dokumentation (106) Faktencheck (60) Kolumnen (84) Kultur & Bildung (957) Bildung (341) Kultur (761) Meinung (128) Politik & Wirtschaft (1.504) Politik (1.138) Wirtschaft (725) Service (163) Sport (152) Termine (412) Vereine (117) Verkehr (388) Gastbeitrag (3) Kurznachrichten (2.285) Landtagswahl 2011 (62) Top-Thema (5) Folge uns! Freundeskreis Sie mÃ¶chten unsere Arbeit unterstÃ¼tzen? Gerne :-) Hier Mitglied werden Wie funktioniert dieses Blog? Anleitung fÃ¼r neue Leser Diskussions- und Kommentarfunktion DISQUS Netiquette Werben Wenn Sie auf der Stimme werben mÃ¶chten, schreiben Sie uns eine Mail an: Ich mÃ¶chte werben Wir sind gerne bereit uns persÃ¶nlich mit Ihnen zu treffen und die verschiedenen MÃ¶glichkeiten mit Ihnen zu besprechen. Mehr erfahren Sie hier Jobs bei uns Wir suchen freie Mitarbeiter fÃ¼r Redaktion, Foto/Video, Vertrieb. Mehr Informationen finden Sie hier. Das ist das Rheinneckarblog. Kurz gesagt: Nachrichten und Informationen aus und Ã¼ber die Region Rhein-Neckar, also Nordbaden, SÃ¼dhessen und die Pfalz am Rhein. Ein modernes Medium, das die Leserinnen und Leser als Menschen respektiert. Hier darf jeder schreiben, der etwas zu sagen hat - Vereine, Initiativen, politisch Interessierte. Wir Ã¼bernehmen die Redaktion und bieten eine sehr gute Reichweite. Wir wollen fÃ¼r und mit den Menschen in der Region etwas bewegen und zu Diskussionen anregen. Sie sind herzlich eingeladen, sich zu beteiligen. GeflÃ¼ster Sie wollen nicht selbst schreiben, Ihnen brennt aber trotzdem ein Thema unter den FingernÃ¤gel. Dann melden Sie sich bei uns. Wir gehen der Sache nach. SelbstverstÃ¤ndlich schÃ¼tzen wir unsere \"Informanten\". Einfach eine Mail an: chefredaktion at rheinneckarblog.de Gerne treffen wir uns mit Ihnen auch persÃ¶nlich! Vernetzter Journalismus Das Netzwerk von istlokal.de umfasst lokale und regionale journalistische Angebote, die unabhÃ¤ngig von Zeitungsverlagen umfassend vor Ort informieren. Nach oben Urheberrecht © 2014 Rheinneckarblog ","title":"Arzt","desc":null,"details":{"length":8866,"language":"de","date":"2014/10/31 16:18:41","type":"application/xhtml+xml","country":""},"crawling":{"duration":"1","date":"2014/10/31 16:18:41"},"metas":[{"name":"robots","value":"noindex,noodp,noydir"},{"name":"og:image","value":""},{"name":"google-site-verification","value":"HUanFTKp-9pK5zg8O-nDyYjhskkOt7YVZOuOo3PnNNU"}],"uri":{"protocol":"http","domain":"de.rheinneckarblog.","url":"http://rheinneckarblog.de/tag/arzt"}}},{"_index":"de_content_201410","_type":"resourceQ","_id":"http://myhandicap.de/justin-black.html","_score":1.0, "_source" : {"body":" A-  A   A+  Forum, Infos & Adressen für Menschen mit Behinderung Login Eingeloggt bleiben. Passwort vergessen? | Registrieren Länderseiten International Schweiz Deutschland Sie befinden sich hier:   Über uns  »  Betroffene helfen Betroffenen  »  Unsere Botschafter Community, Forum Informationen Adressverzeichnis Über uns Wir über uns Unsere Dienstleistungen MyHandicap International MyHandicap Deutschland MyHandicap Schweiz Prämiert Newsletter Danke, MyHandicap! Unser Forschungscenter Aufgabengebiet Neues aus dem CDI Forschungsergebnisse Rede von Bill Clinton ComToAct Presse-Informationen Spenden Allgemeine Spende Spendenaufruf MyHandicap Erbschaften und Legate MyHandicap im Web 2.0 Spenden von Unternehmen Steuerliche Absetzbarkeit Betroffene helfen Betroffenen Unterstützung durch Botschafter Unsere Botschafter Feedback von Betroffenen Presse Ihre Ansprechpartner Pressemitteilungen Social Media Bild- und Videomaterial Kontakt Drucken Empfehlen Botschafterorganisation Münnerstadt Justin Black Justin Black lebt mit einer sehr weit vorangeschrittenen Muskelschwäche. Aufgrund dieser Erkrankung ist er rund um die Uhr auf die Hilfe anderer angewiesen. Zu diesem Zweck steht ihm ein eigenes Assistenzteam, die BLACKFORCE, zur Verfügung. Trotz seiner schweren körperlichen Einschränkungen kann Justin Black sein Leben absolut selbst bestimmen. Er arbeite als freiberuflicher Filmemacher und Autor. Justin Black ist 24 Jahre jung und engagiert sich seit 2007 als Botschafter für My Handicap. \"Ich möchte anderen Menschen ein Vorbild sein, ihr Leben trotz (schwerem) Handicap selbst in die Hand zu nehmen und nach ihren eigenen Wünschen und Vorstellungen zu gestalten\", sagt Black. Unser Botschafter aus Münnerstadt gibt seine Erfahrungen gerne in Telefonaten, Mails oder persönlichen Gesprächen weiter. Er hilft Ihnen dabei, Herausforderungen aus einem anderen Blickwinkel zu betrachten und diese zu bewältigen. Links zu diesem Artikel The Official Justin Black Web Site Facebook Account Justin Black Twitter Account von Justin Black Unterstützung durch Botschafter Unsere Botschafter Erfahrungen als Botschafterin Feedback von Betroffenen Marktplatz MyHandicap Konto-Nr.: 5656563 BLZ: 700 205 00 Bank für Sozialwirtschaft AG, München   Jetzt spenden Nach oben |    Kontakt |    AGB |    Sitemap |    Datenschutz |    Presse |    Impressum |  © 2014 Stiftung MyHandicap gemeinnützige GmbH MyHandicap Informationen Informationen Körperliche Behinderungen Angebote Über uns Spenden Forschung Newsletter Grußwort des Stifters Schirmherr Bill Clinton Gesundheit & Hilfsmittel Partnerschaft & Sexualität Recht & Soziales Bauen & Wohnen Ausbildung & Beruf Sport & Freizeit Reisen & Mobilität Archiv Behinderung Schwerbehindertenausweis Treppenlift Plattformlift Barrierefreiheit Depression Pflege Studium mit Behinderung Amputation & Prothese Demenz Diabetes Herzinfarkt Lähmung Multiple Sklerose Parkinson Querschnittlähmung Forum Community Adressverzeichnis MyHandicap Apps Betroffene helfen Betroffenen Jobbörse Ratgeber für Arbeitgeber Marktplatz ","title":"Justin Black : Stiftung MyHandicap","desc":"Informationen zum Leben mit einer Behinderung. Spannende Berichte, News, Kalender, und vieles mehr rund um ein Handicap.","details":{"length":3054,"language":"de","date":"2014/10/31 16:18:41","type":"application/xhtml+xml","country":""},"crawling":{"duration":"1","date":"2014/10/31 16:18:41"},"metas":[{"name":"verify-v1","value":"a3D1/cmCYmUALomcwKEiQ/V339lE5ioMa1u4FyqiqzQ="},{"name":"keywords","value":"handicap,rollstuhl,Stiftung,behinderung,amputation,körper,seele,gesundheit,barrierefrei,community,gemeinschaft"},{"name":"description","value":"Informationen zum Leben mit einer Behinderung. Spannende Berichte, News, Kalender, und vieles mehr rund um ein Handicap."}],"uri":{"protocol":"http","domain":"de.myhandicap.","url":"http://myhandicap.de/justin-black.html"}}},{"_index":"de_content_201410","_type":"resourceQ","_id":"http://tuningigsh.de/fordfreundenf/cmsimple/twg/index.php?twg_album=treffen+und+veranstaltungen%2f2010%2f005___17.+-+19.+september+jueterbog&twg_dir=back&twg_show=dscf0063.jpg","_score":1.0, "_source" : {"body":" Galleries > ... > ... > 17. - 19. September Jueterbog > Image  59 / 313 ( 40 views)       Comments ( 0) |  Options |  Login Vote: Tip: You can use the left/right arrow key to navigate to the next/last image. Visits: Total:47429 Today:34     |  Help ","title":"Ford-Freunde-NF e.V. - DSCF0063","desc":"This image is in the folder Treffen und Veranstaltungen/2010/005___17. - 19. September Jueterbog and has the name DSCF0063.JPG","details":{"length":250,"language":"en","date":"2014/10/31 16:18:41","type":"text/html","country":""},"crawling":{"duration":"1","date":"2014/10/31 16:18:41"},"metas":[{"name":"viewport","value":"width=device-width"},{"name":"author","value":"Michael Dempfle"},{"name":"DC.Identifier","value":"http://www.tinywebgallery.com"},{"name":"keywords","value":"DSCF0063.JPG,Treffen und Veranstaltungen/2010/005___17. - 19. September Jueterbog"},{"name":"description","value":"This image is in the folder Treffen und Veranstaltungen/2010/005___17. - 19. September Jueterbog and has the name DSCF0063.JPG"},{"name":"robots","value":"index,follow,all"}],"uri":{"protocol":"http","domain":"de.tuningigsh.","url":"http://tuningigsh.de/fordfreundenf/cmsimple/twg/index.php?twg_album=treffen+und+veranstaltungen%2f2010%2f005___17.+-+19.+september+jueterbog&twg_dir=back&twg_show=dscf0063.jpg"}}},{"_index":"de_content_201410","_type":"resourceQ","_id":"http://berlincosmo.de/area-agenzie/impressum/viaggi-individuali/css/viaggi-individuali/i-nostri-hotel/","_score":1.0, "_source" : {"body":" <link rel=\"stylesheet\" type=\"text/css\" href=\"./scripts/vegas/jquery.vegas.css\" /> <script type=\"text/javascript\" src=\"./scripts/js/jquery.nivo.slider.pack.js\">             +49 (0)30 7007 1903 HOME  //    CHI SIAMO  //   COSA OFFRIAMO   //   CONTATTI IT | EN Viaggi a Berlino Viaggi in Germania Visite guidate Viaggi individuali I nostri hotel Area agenzie I nostri partner VIAGGI A BERLINO VIAGGI IN GERMANIA VISITE GUIDATE VIAGGI INDIVIDUALI // Contatti // Home // Chi siamo // Cosa offriamo // I nostri hotel // Dicono di noi // Impressum // Viaggi a Berlino // Viaggi in Germania // Visite guidate // Viaggi individuali berlin cosmo, Steinstr. 9 D- 10119 Berlino (GERMANIA) tel.: +49 (0)30-700 71 903 fax: +49 (0)30-700 71 904 e-mail: info[at]berlincosmo.de ","title":"berlin cosmo berlin cosmo è un tour operator con sede a Berlino che si occupa da più di dieci anni di incoming sul territorio tedesco.","desc":"berlin cosmo è un tour operator con sede a Berlino che si occupa da più di dieci anni di incoming sul territorio tedesco.","details":{"length":762,"language":"it","date":"2014/10/31 16:18:42","type":"text/html","country":""},"crawling":{"duration":"1","date":"2014/10/31 16:18:42"},"metas":[{"name":"description","value":"berlin cosmo è un tour operator con sede a Berlino che si occupa da più di dieci anni di incoming sul territorio tedesco."},{"name":"keywords","value":"berlino, tour berlino, cosa vedere a berlino, berlino italiano, attrazioni berlino, guida a berlino, consigli berlino, museo berlino, vacanze berlino, visitare berlino, gita berlino, itinerario berlino, guida turistica berlino, monumenti berlino, cosa fare a berlino"},{"name":"revisit","value":"3-days"},{"name":"generator","value":"hand-coded"},{"name":"robots","value":"index, follow"},{"name":"google-site-verification","value":""}],"uri":{"protocol":"http","domain":"de.berlincosmo.","url":"http://berlincosmo.de/area-agenzie/impressum/viaggi-individuali/css/viaggi-individuali/i-nostri-hotel/"}}},{"_index":"de_content_201410","_type":"resourceQ","_id":"http://print.haarausfall-therapie-duesseldorf.de/trichoscan-bei-haarausfall-herdecke.html","_score":1.0, "_source" : {"body":" Home > Haar und Kopfhaut > Diagnostik > Trichoscan Trichoscan-bei-Haarausfall Herdecke - der Haararzt in der Hansaklinik Dortmund Trichoscan Video-Analyse des Haars auf der Kopfhaut Als eines der wenigen Zentren in Deutschland bieten wir die TRICHOSCAN-Haaranalyse an. Hier werden mit einer Spezial-Video-Kamera die Haare auf der Kopfhaut in extremer Vergrößerung aufgenommen und mittels eines Hochleistungs-Rechners analysiert. Die erhobenen Befunde geben dem Arzt präzise Auskunft über den Zustand der Haare sowie die Art und die Menge der ausfallenden und der nachwachsenden Haare. Haare ausreißen ist nicht nötig Ein Herausreißen der Haare – ein früher übliches Verfahren - ist dabei nicht erforderlich! Wir untersuchen die lebenden Haare auf der Kopfhaut, die Analyse zeigt uns ein Abbild der Vitalfunktionen der Haare. Klares Bild der Vitalfunktionen Der Arzt bespricht mit dem Patienten die Ergebnisse der Untersuchungen und erarbeitet ein individuelles Konzept. In den meisten Fällen wird damit einen Stopp des vermehrten Haarausfalls, ein Nachwachsen möglichst vieler der verlorenen Haare sowie ein Gesunden der erkrankten Kopfhaut mit Wiederherstellung aller natürlichen Funktionen erreicht. Das Ziel:  Nachwachsen möglichst vieler Haare und eine gesunde Kopfhaut © 2008-2014 HANSAKLINIK DORTMUND | SITEMAP | IMPRESSUM | DATENSCHUTZ ","title":"Trichoscan-bei-Haarausfall Herdecke | Trichoscan | Diagnostik | Haar und Kopfhaut | Haararzt in der Hansaklinik Dortmund | Diagnostik und Therapie bei Haarausfall","desc":"_Video-Analyse des Haars auf der Kopfhaut  Als eines der wenigen Zentren in Deutschland bieten wir die TRICHOSCAN-Haaranalyse an. Hier werden mit einer Spezial-Video-Kamera die Haare auf der Kopfhaut in extremer Vergrößerung aufgenommen und mittels eines H","details":{"length":1344,"language":"de","date":"2014/10/31 16:18:42","type":"text/html","country":""},"crawling":{"duration":"1","date":"2014/10/31 16:18:42"},"metas":[{"name":"author","value":"Haararzt in der Hansaklinik Dortmund"},{"name":"copyright","value":"Alle Rechte vorbehalten, Hansaklinik, Dortmund, Deutschland"},{"name":"keywords","value":"Haararzt, Haararzt Dortmund, Dr. Eichelberg, Haarausfall, Behandlung von Haarausfall, Kopfhauterkrankungen, Therapie bei Haarausfall, Privatklinik Dortmund, Hansaklinik Dortmund, Haare"},{"name":"page-topic","value":"Medizin"},{"name":"audience","value":"Alle,All"},{"name":"language","value":"DE"},{"name":"robots","value":"INDEX,FOLLOW"},{"name":"publisher","value":"[bense.com] GmbH Dortmund"},{"name":"generator","value":"[bense.com] - cms2web - content management system"},{"name":"description","value":"_Video-Analyse des Haars auf der Kopfhaut  Als eines der wenigen Zentren in Deutschland bieten wir die TRICHOSCAN-Haaranalyse an. Hier werden mit einer Spezial-Video-Kamera die Haare auf der Kopfhaut in extremer Vergrößerung aufgenommen und mittels eines H"}],"uri":{"protocol":"http","domain":"de.haarausfall-therapie-duesseldorf.print.","url":"http://print.haarausfall-therapie-duesseldorf.de/trichoscan-bei-haarausfall-herdecke.html"}}},{"_index":"de_content_201410","_type":"resourceQ","_id":"http://jugendclub-st-peter.de/bildergalerie/2008/114-ausflug-nach-ingolstadt/detail/2975-ingolstadt2008047.html?tmpl=component","_score":1.0, "_source" : {"body":" ","title":"2008","desc":"Homepage des Jugendclub St. Peter.","details":{"length":1,"language":"en","date":"2014/10/31 16:18:39","type":"application/xhtml+xml","country":""},"crawling":{"duration":"1","date":"2014/10/31 16:18:39"},"metas":[{"name":"robots","value":"index, follow"},{"name":"keywords","value":"Jugendclub, Jugend, St. Peter, St.Peter, Party, Jugendraum, Raum"},{"name":"description","value":"Homepage des Jugendclub St. Peter."},{"name":"generator","value":"Joomla! 1.5 - Open Source Content Management"}],"uri":{"protocol":"http","domain":"de.jugendclub-st-peter.","url":"http://jugendclub-st-peter.de/bildergalerie/2008/114-ausflug-nach-ingolstadt/detail/2975-ingolstadt2008047.html?tmpl=component"}}},{"_index":"de_content_201410","_type":"resourceQ","_id":"http://delitzscher-carneval-verein.de/include.php?cid=38&path=galerie_pic&pid=715","_score":1.0, "_source" : {"body":" Donnerstag, 12. Juni 2014 Home Tanzturnier Veranstaltungen Tanzgruppen + mehr Gruppen Trainingsraum Trainingstermine Unser Verein Mitglied werden Fan werden Newsletter   Bildergalerie » Kategorien » Chronik bis 2010 » Bild ansehen 24 / 386 Name Bildergalerie 2.2.5 - Copyright © 2004-2015 by www.panbachi.de update by www.timmi.org   Bildergalerie Förderer Kontakt Gruppen/Funktionen Kontaktformular Private Feiern Gästebuch Mitglieder Impressum Status Zugang   Besucher der Website © COPYRIGHT Delitzscher Carneval Verein e.V.// D C V e.V. Seite in 0.10769 Sekunden generiert Diese Website wurde mit PHPKIT WCMS erstellt PHPKIT ist eine eingetragene Marke der mxbyte GbR © 2002-2009   ","title":"Chronik023.jpg","desc":"Hier wird Fasching und Vereinsleben großgeschrieben,  von 3 bis 103 Jahre. geimensames Tanzen, Sketchen, Singen, Lachen, Tanz nach der Veranstaltung; Jugendförderung, Freizeitgestaltung","details":{"length":687,"language":"de","date":"2014/10/31 16:18:41","type":"application/xhtml+xml","country":""},"crawling":{"duration":"1","date":"2014/10/31 16:18:41"},"metas":[{"name":"siteurl","value":"http://www.delitzschercarnevalverein.de"},{"name":"author","value":"Mirko Runge"},{"name":"author email","value":"Webmaster@DeCeVau.de"},{"name":"publisher","value":"Delitzscher Carneval Verein e.V."},{"name":"copyright","value":"Delitzscher Carneval Verein e.V."},{"name":"keywords","value":"Fasching, fasching, Karneval, karneval, Carneval, carneval, Tanzen, tanzen, Sketch, sketch, Sketsch, sketsch, Bütt, Mini, Sternchen, Männerbalett, Bühne, Delitzsch, Nordsachsen, Leipzig, Halle, Verein, verein, Vereinsleben, vereinsleben, Sachsen, sachsen, delitzsch, privatfeiern, Privatfeiern, Freizeitgestaltung, Freizeit, klamauk, fetz, Spaß, lachen, Lachen"},{"name":"description","value":"Hier wird Fasching und Vereinsleben großgeschrieben,  von 3 bis 103 Jahre. geimensames Tanzen, Sketchen, Singen, Lachen, Tanz nach der Veranstaltung; Jugendförderung, Freizeitgestaltung"},{"name":"robots-revisit","value":"2 weeks"},{"name":"generator","value":"PHPKIT WCMS - Web Content Managment System - mxbyte GbR copyright 2002-2009"},{"name":"date","value":"Thu, 12 Jun 2014 14:27:00 GMT"}],"uri":{"protocol":"http","domain":"de.delitzscher-carneval-verein.","url":"http://delitzscher-carneval-verein.de/include.php?cid=38&path=galerie_pic&pid=715"}}},{"_index":"de_content_201410","_type":"resourceQ","_id":"http://unimatrix01.de/blog/category/home/page/3/","_score":1.0, "_source" : {"body":" Operator! Webblog eines Systemadministrators Archive for the ‘/home’ Category « Previous Entries Next Entries » Besuch bei Berlins ältester Einwohnerin Sonntag, Februar 3rd, 2008 Heute waren mein Holde und ich spazieren, unser ursprüngliches Ziel war der Alex um Bahnkarten zu kaufen. Anders als üblich sind wir nicht der Ubahn überirdisch gefolgt sondern uns hat es Richtung Dom verschlagen. Dort angekommen haben wir einen Spontanbesuch bei der wohl ältesten Einwohnerin in Berlin eingelegt. Zu deutsch wir waren im Alten Museum und haben Nofretete angeschaut. Auch wenn nach einer Weile unsere Füße und meiner Frau noch zusätzlich der Rücken weh tat, war es sehr interessant. (Meine Frau war sowieso hin und weg) Direkt danach haben wir noch ein paar Euro im Museums laden ausgegeben, unter anderem für Kauderwelsch Ägyptisch Deutsch. Karten haben wir dann auch noch gekauft, aber davor noch Starbucks bereichert. Tipp am Rande: White Choclate Mocha ist furchtbar süß und muss nicht sein. Berliner Einsichten Nofretete Posted in RL, /home, privat, Allgemein | No Comments » 900 Gramm Part I Montag, Januar 28th, 2008 Ja heute war es endlich mal wieder so weit, wir waren Baby gucken. Alles gut mit der Kleinen. Alles ist dran, alles ist drin und alles funktioniert so wie es soll, soweit man das mit Ultraschall bestimmen kann. Sie ist jetzt ca 33 cm lang (vom Kopf bis zu den Füssen) und wiegt so ca. 900 Gramm. Damit liegt sie auch bei allen Werten in den erwarteten Grenzen. Kurz um Prima. Leider war die Kleine wieder faul und hat die ganze Zeit beim Ultraschall geschlafen oder zumindest gefaulenzt. Das nächste Mal sehe ich sie dann vermutlich in echt und ich hoffe sie ist genau so gespannt auf mich wie ich auf sie. Posted in RL, /home, privat | No Comments » Glückliche Überraschung Freitag, Januar 25th, 2008 Heute haben wir die allerletzten Kisten von unserem Umzug leer bzw. weggeräumt und als ich aus dem Keller zurück kam schaute mich meine Frau ganz entgeistert an. Ob ich in ihrem alten Portmonee Geld versteckt hätte. Ein WTF Blick von mir später hält sie mehrere Scheine hoch und meint sie hätte keine Ahnung wo das Geld her komme und ich konnte ihr auch nix sagen. Das sollte öfter passieren waren wir uns einig. Nur gut das sie noch mal nachgeschaut hatte, sonst wäre die Kohle mitsamt Brieftasche im Müll verschwunden. Posted in RL, Interessant aber nutzlos, /home, privat | 3 Comments » Handwerken Samstag, Januar 5th, 2008 Heute war nach einem ausführlichen Frühstück löcherbohren und Möbel, Bilder sowie Spiegel an die Wand bringen angesagt. (noch mal Danke an Trine und Zif für die Bohrmaschine) Also haben wir das ganze ausgemessen und markiert und es war an mir die Löcher mit unserem Bohrhammer in die Wand zu bohren. Barfuss auf der Leiter meinte ich dann zu meiner Frau, „Ich brauche etwas was jeder echte Handwerker braucht.“ Sie guckte mich total entgeistert an und fragte: „Ein Bier?“ Gute Idee aber ich meinte eigentlich festes Schuhwerk. „Ein Bier?“ und das sagt eine Frau die im Handwerk arbeitet Posted in RL, /home, privat | No Comments » Weltbilder und deren Zerstörung Mittwoch, Januar 2nd, 2008 Ich habe meiner Frau vor kurzem erklärt, dass ich einen Faible für ordentlich verlegte Datenleitung (oder Kabel generell haben) da ich den Anblick an sich als sehr schön empfinde. Das hab ich wohl meinem Ausbilder zu verdanken, der mich darauf hingewiesen hat das es A besser aussieht und B auch übersichtlicher ist. Auf jeden Fall hab ich ihr das erklärt und auch ein paar Bilder gezeigt was ich meine und ihr auch gesagt, wo sie hier so was auch mal in der Öffentlichkeit sehen kann. Sie hat nur gegrinst und gemeint dass ich total strahlende Augen dabei hatte. Ich bin mir sicher sie übertreibt. Wenige Tage später was seh’ ich da, meine liebe Frau hat sämtliche Kabel, die an unserem Fernseher angebracht waren zu einem Knoten zusammengeknotet (wirklich und echt geknotet) als ich sie darauf ansprach hat sie nur gelacht und mich gefragt ob sie mein Weltbild zerstört hat. Posted in Netzwelt, Interessant aber nutzlos, RL, beruf, shocking, Technik, OffTopic, /home, privat | No Comments » Fast Abgefackelt Mittwoch, Januar 2nd, 2008 Mann glaubt es kaum, am letzten Tag im letzen Jahr, hab ich doch fast mich noch abgefackelt. Wie ist das passiert? Ich wollte eines unserer Teelichter austauschen und habe dabei nicht aufgepasst gepennt. Kurzum Baumwolle und Polyester im Verhältnis 9:1 brennen verdammt gut und schnell, binnen Sekunden war das Feuerchen bis zum Ellenbogen. Da wurde ich dann auch wieder richtig wach und habe sofort Gegenmaßnahmen ergriffen, also Duck and Cover (ach nein das war was anderes). Auf jeden Fall ist der Bademantel vermutlich versaut und ich etwas vorsichtiger im Umgang mit offenem Feuer. Fazit: Augenauf bei offenem Feuer Posted in Merke!, shocking, /home, OffTopic, privat | No Comments » Wohnungsgestaltung Sonntag, Dezember 23rd, 2007 Nur kurz zwischendurch, Lila ist ein super Farbe für Wände (wenn man es etwas düsterer mag) und sie ist auch herrlich unglaublicher Mist, wenn man die Wohnung wieder abgeben muss. Mittlerweile bin ich mir nicht sicher ob ich 4 oder 5 Schichten Weiß auf die Wand und Decke gebracht hab aber langsam kommt die Farbe nicht mehr wieder. Fazit: Lila kommt nicht mehr an die Wand! Posted in Merke!, shocking, /home, privat | No Comments » « Previous Entries Next Entries » Blogroll CCIE Candidate Blog Das Leben des Zifs Family Blog Internetworkexpter´s Blog Joe Harris Cisco Blog Karsten Samaschke: Los Jetzt! Operator Tweet Playing with Networks Kategorien /home Adminaura Allgemein beruf Bookmarks Cisco Die Kleene Dynamips EeePC Exchange 2k7 Familie Freunde Indien Interessant aber nutzlos Merke! Netzwelt OffTopic privat RL Söldner shocking Sicherheit Technik VMWare Win2k3   Juni 2014 M D M D F S S « Dez       1 2 3 4 5 6 7 8 9 10 11 12 13 14 15 16 17 18 19 20 21 22 23 24 25 26 27 28 29 30   Seiten Impressum Meta Registrieren Anmelden Artikel RSS Kommentare als RSS WordPress.org Operator! is proudly powered by WordPress Entries (RSS) and Comments (RSS). ","title":"Operator!   » /home","desc":null,"details":{"length":6073,"language":"de","date":"2014/10/31 16:18:41","type":"application/xhtml+xml","country":""},"crawling":{"duration":"1","date":"2014/10/31 16:18:41"},"metas":[{"name":"generator","value":"WordPress 2.2.3"}],"uri":{"protocol":"http","domain":"de.unimatrix01.","url":"http://unimatrix01.de/blog/category/home/page/3/"}}},{"_index":"de_content_201410","_type":"resourceQ","_id":"http://html.tvortenberg.de/gallery2/main.php?g2_itemid=5084&g2_view=slideshow.slideshow","_score":1.0, "_source" : {"body":" 01 Datum 23.02.2010 02 Datum 23.02.2010 03 Datum 23.02.2010 04 Datum 23.02.2010 05 Datum 23.02.2010 06 Datum 23.02.2010 07 Datum 23.02.2010 08 Datum 23.02.2010 09 Datum 23.02.2010 10 Datum 23.02.2010 11 Datum 23.02.2010 12 Datum 23.02.2010 13 Datum 23.02.2010 14 Datum 23.02.2010 15 Datum 23.02.2010 16 Datum 23.02.2010 17 Datum 23.02.2010 18 Datum 23.02.2010 19 Datum 23.02.2010 20 Datum 23.02.2010 21 Datum 23.02.2010 22 Datum 23.02.2010 23 Datum 23.02.2010 24 Datum 23.02.2010 25 Datum 23.02.2010 26 Datum 23.02.2010 27 Datum 23.02.2010 28 Datum 23.02.2010 29 Datum 23.02.2010 30 Datum 23.02.2010 31 Datum 23.02.2010 32 Datum 23.02.2010 33 Datum 23.02.2010 34 Datum 23.02.2010 35 Datum 23.02.2010 36 Datum 23.02.2010 37 Datum 23.02.2010 38 Datum 23.02.2010 39 Datum 23.02.2010 40 Datum 23.02.2010 41 Datum 23.02.2010 42 Datum 23.02.2010 43 Datum 23.02.2010 44 Datum 23.02.2010 45 Datum 23.02.2010 46 Datum 23.02.2010 47 Datum 23.02.2010 48 Datum 23.02.2010 49 Datum 23.02.2010 [-] Stop   Pause   Ein Bild zurück   Zeige mehr Informationen   Pause: 1 Sekunde 3 Sekunden 5 Sekunden 10 Sekunden 15 Sekunden 20 Sekunden   Richtung: vorwärts rückwärts zufällig   Maximale Größe: 320x320 640x640 800x800 1024x1024 1280x1280 Kein Limit   ","title":"Diashow für Fasent 2010","desc":null,"details":{"length":1235,"language":"de","date":"2014/10/31 16:18:39","type":"text/html","country":""},"crawling":{"duration":"1","date":"2014/10/31 16:18:39"},"metas":[],"uri":{"protocol":"http","domain":"de.tvortenberg.html.","url":"http://html.tvortenberg.de/gallery2/main.php?g2_itemid=5084&g2_view=slideshow.slideshow"}}},{"_index":"de_content_201410","_type":"resourceQ","_id":"http://oldieboote.de/en/navigation/forum.html?tx_mmforum_pi1%5baction%5d=post_history&tx_mmforum_pi1%5bfid%5d=stoertebecker&tx_mmforum_pi1%5btid%5d=page_1","_score":1.0, "_source" : {"body":"          11. Oldieboote Sommertreffen Home Aktuelles Begriffslexikon Forum Forum Suche Anmelden Newsletter bestellen Kleinanzeigen Bildergalerie Boote & Werften Boote der Community Technik Treffen/Termine 2014 Presse Verein Links Search & Find   advanced search   Benutzername: Passwort: Angemeldet bleiben Passwort vergessen? Benutzerkonto anlegen +++ 11. traditionelles Oldieboote-Treffen 25.7. bis 27.7.2014 Relax-Camping und Seefläche Gästehaus Teupitz +++ Oldieboote Forum All Posts: Stoertebecker To page : [1] Bilgenfarbe pro & contra 11.09.2013 [08:01] Umbau kleiner Panther auf Sportpanther? 30.08.2013 [10:04] Umbau kleiner Panther auf Sportpanther? 27.08.2013 [21:44] Umbau kleiner Panther auf Sportpanther? 27.08.2013 [00:27] Warti und Salzwasser? 19.11.2011 [01:26] 2-Takt Motor Verbot- Motorumbau 11.11.2011 [17:03] Warti und Salzwasser? 11.11.2011 [16:12] Links für Positionsleuchten, etc. 03.10.2011 [19:01] Kleiner Panther mit Liegefläche 29.09.2011 [17:18] Kleiner Panther mit Liegefläche 28.09.2011 [12:44] Suche günstigen Trailer für meinen Panther 22.09.2011 [23:27] Trailer-Tipp oder was wiegt ein Panther...? 22.09.2011 [23:18] Cheers!!! 22.09.2011 [23:05] To page : [1] 13 Total posts, 8 opened topics approximately 0.01 posts per day Portal information: At the time there are 25 users online, thereof 0 registered users and 25 guests. Today 4 registered users and 153 guests were already online. Now online www.oldieboote.de has 1757 registered user, 3917 topics and 17816 answers. On the average 9.54 posts are written per day. » Show additional information     Webauftritt |  Datenschutz |  Impressum |  Kontakt     Hier könnte   Ihre Werbung stehen.   Kontakt bitte über   erster.vorstand(at)oldieboote.de ","title":"Forum","desc":null,"details":{"length":1735,"language":"de","date":"2014/10/31 16:18:39","type":"text/html","country":""},"crawling":{"duration":"1","date":"2014/10/31 16:18:39"},"metas":[{"name":"generator","value":"TYPO3 4.5 CMS"}],"uri":{"protocol":"http","domain":"de.oldieboote.","url":"http://oldieboote.de/en/navigation/forum.html?tx_mmforum_pi1%5baction%5d=post_history&tx_mmforum_pi1%5bfid%5d=stoertebecker&tx_mmforum_pi1%5btid%5d=page_1"}}},{"_index":"de_content_201410","_type":"resourceQ","_id":"http://forum.fmk-braunschweig.de/viewtopic.php?f=20&sid=c6dd7a53a591aad279da17adda98b1ae&t=293","_score":1.0, "_source" : {"body":" FMK – Modellflug in Braunschweig Flugmodellbau Kameradschaft Braunschweig Zum Inhalt Foren-Übersicht ‹ Arbeitseinsatz & Termine ‹ Termine 2013 Ändere Schriftgröße FAQ Registrieren Anmelden 27./28.07.13 Lehrer-Schüler-Fliegen Antwort erstellen 1 Beitrag • Seite 1 von 1 27./28.07.13 Lehrer-Schüler-Fliegen von Helifuzzi » Do 24. Jan 2013, 11:30 27./28.07.13 11:00 Uhr Lehrer-Schüler-Fliegen Ferienpassaktion der Gemeinden Cremlingen (CRISS) und Sickte (JUP) Kuchenspenden sind willkommen, bitte anmelden! Ansprechpartner: Rudolf Winter Helifuzzi Flugkapitän   Beiträge: 52 Registriert: Do 17. Mär 2011, 14:24 Wohnort: Salzgitter ICQ Nach oben Antwort erstellen 1 Beitrag • Seite 1 von 1 Zurück zu Termine 2013 Gehe zu: Wähle ein Forum aus ------------------ Meinungen und Vorschläge zum Forum Suche / Biete Sender Heli`s    Heli Elektro    Heli Verbrenner Fläche    Fläche Elektro    Fläche Verbrenner Kunstflug    Heli    Fläche Segelflug Smalltalk Arbeitseinsatz & Termine    Termine 2013    Termine 2012    Termine 2011 Wer ist online? Mitglieder in diesem Forum: 0 Mitglieder und 1 Gast Foren-Übersicht Das Team • Alle Cookies des Boards löschen • Alle Zeiten sind UTC + 1 Stunde [ Sommerzeit ] Powered by phpBB® Forum Software © phpBB Group Deutsche Übersetzung durch phpBB.de ","title":"FMK – Modellflug in Braunschweig • Thema anzeigen - 27./28.07.13 Lehrer-Schüler-Fliegen","desc":"Flugmodellbau Kameradschaft Braunschweig","details":{"length":1282,"language":"de","date":"2014/10/31 16:18:39","type":"application/xhtml+xml","country":""},"crawling":{"duration":"1","date":"2014/10/31 16:18:39"},"metas":[{"name":"resource-type","value":"document"},{"name":"distribution","value":"global"},{"name":"copyright","value":"2000, 2002, 2005, 2007 phpBB Group"},{"name":"keywords","value":"fmk-forum, fmk forum, fmkforum, Modellflug Braunschweig, Modellflug BS, fmk-Sickte, RC Modellflug, Flohmarkt, Modellflug, Modellsport, Segler, Hubschrauber, Heli"},{"name":"description","value":"Flugmodellbau Kameradschaft Braunschweig"}],"uri":{"protocol":"http","domain":"de.fmk-braunschweig.forum.","url":"http://forum.fmk-braunschweig.de/viewtopic.php?f=20&sid=c6dd7a53a591aad279da17adda98b1ae&t=293"}}},{"_index":"de_content_201410","_type":"resourceQ","_id":"http://jack.freebsd.mabau-forum.de/memberlist.php?mode=viewprofile&sid=cca00f265b92d63c8428bb5dfe03c0c4&u=279","_score":1.0, "_source" : {"body":" MaBau-Forum Das Portal rund um den Maschinenbau Zum Inhalt Erweiterte Suche Foren-Übersicht Ändere Schriftgröße Impressum FAQ Registrieren Anmelden Du musst registriert und angemeldet sein, um Profile anzuschauen. Benutzername: Passwort: Ich habe mein Passwort vergessen Mich bei jedem Besuch automatisch anmelden Meinen Online-Status während dieser Sitzung verbergen   Registrieren Du musst in diesem Forum registriert sein, um dich anmelden zu können. Die Registrierung ist in wenigen Augenblicken erledigt und ermöglicht dir, auf weitere Funktionen zuzugreifen. Die Board-Administration kann registrierten Benutzern auch zusätzliche Berechtigungen zuweisen. Beachte bitte unsere Nutzungsbedingungen und die verwandten Regelungen, bevor du dich registrierst. Bitte beachte auch die jeweiligen Forenregeln, wenn du dich in diesem Board bewegst. Nutzungsbedingungen | Datenschutzrichtlinie Registrieren Foren-Übersicht Impressum • Das Team • Alle Cookies des Boards löschen • Alle Zeiten sind UTC + 1 Stunde Powered by phpBB © 2000, 2002, 2005, 2007 phpBB Group Designed by sevenalive Deutsche Übersetzung durch phpBB.de ","title":"MaBau-Forum • Anmelden","desc":null,"details":{"length":1122,"language":"de","date":"2014/10/31 16:18:40","type":"application/xhtml+xml","country":""},"crawling":{"duration":"1","date":"2014/10/31 16:18:40"},"metas":[{"name":"resource-type","value":"document"},{"name":"distribution","value":"global"},{"name":"copyright","value":"2000, 2002, 2005, 2007 phpBB Group"},{"name":"keywords","value":""},{"name":"description","value":""}],"uri":{"protocol":"http","domain":"de.mabau-forum.freebsd.jack.","url":"http://jack.freebsd.mabau-forum.de/memberlist.php?mode=viewprofile&sid=cca00f265b92d63c8428bb5dfe03c0c4&u=279"}}},{"_index":"de_content_201410","_type":"resourceQ","_id":"http://fast-alles-ueber-wein.de/notiz_print.php?id=3118","_score":1.0, "_source" : {"body":" FAST ALLES ÜBER WEIN - Wissenswertes über Weine aus Spanien und Portugal und dem Rest der Welt - 02.07.2014, 09:05 http://www.fast-alles-ueber-wein.de/notiz_print.php?ID=3118 Notiz zum Wein: Sícoris Tinto / 2010 Quelle: The Wine Advocate (UK) - 200/2012 Mit 85/100 Punkten bewertet: ›Sícoris Tinto 2010‹ von Castell del Remei 30.04.2012 In der Ausgabe 200 von Robert Parkers renommierten Weinmagazin » The Wine Advocate« bewertet Neal Martin unter anderem auch Weine von Castell del Remei. Über den › Sícoris Tinto 2010‹ aus der D.O. Costers del Segre, den er mit 85/100 Punkten bewertet, schreibt er nachfolgend im Original: „The ›Sícoris Tinto 2010‹ is also exclusive to Steve Miles and is a blend of 35 % Garnacha, 30 % Cabernet, 20 % Tempranillo, 10 % Syrah and 5 % Merlot from calcareous soils. The American oak is a little strong on the nose, although the palate offers some pleasant, rustic cranberry and tart cherry fruit with decent earthy notes on the crisp, if short finish. This is decent quaffing wine. Drink now.” [af] © Copyright: ARDAU Weinimport GmbH Alle Rechte vorbehalten Vervielfältigung nur mit Genehmigung der ARDAU Weinimport GmbH ","title":"FAST ALLES Über WEIN - News / Notiz","desc":null,"details":{"length":1156,"language":"de","date":"2014/10/31 16:18:42","type":"text/html","country":""},"crawling":{"duration":"1","date":"2014/10/31 16:18:42"},"metas":[],"uri":{"protocol":"http","domain":"de.fast-alles-ueber-wein.","url":"http://fast-alles-ueber-wein.de/notiz_print.php?id=3118"}}},{"_index":"de_content_201410","_type":"resourceQ","_id":"http://vflgummersbach4.de/modules/pical/?caldate=2016-11-9","_score":1.0, "_source" : {"body":" www.vflgummersbach4.de Hier finden Sie alle Informationen über die \"Die Vierte\" Senioren-Mannschaft der Handball-Abteilung des VfL Gummersbach ( 1.Kreisklasse Oberberg). Wir wünschen Ihnen viel Vergnügen beim Studieren unseres Web-Auftrittes und hoffen Sie vielleicht bald als Fan bei einem unserer Spiele begrüssen zu dürfen.   Erweiterte Suche   Hauptmenü Startseite Nachrichten Termine - Spieltermine - Trainingstermine - Geburtstage - Sonstige Termine Bildergalerie Umfragen Links Online-Chat Gästebuch Kontakt Impressum Anmelden Spielername: Passwort: Password vergessen? Termine Alle Termine - Spieltermine - Trainingstermine - Geburtstage - Sonstige Termine Nach dem Am Vor dem Alle 01. 02. 03. 04. 05. 06. 07. 08. 09. 10. 11. 12. 13. 14. 15. 16. 17. 18. 19. 20. 21. 22. 23. 24. 25. 26. 27. 28. 29. 30. 31. Jan. Feb. Mär. Apr. Mai Jun. Jul. Aug. Sep. Okt. Nov. Dez. Jahr 2001 Jahr 2002 Jahr 2003 Jahr 2004 Jahr 2005 Jahr 2006 Jahr 2007 Jahr 2008 Jahr 2009 Jahr 2010 Jahr 2011 Jahr 2012 Jahr 2013 Jahr 2014 Jahr 2015 Jahr 2016 Jahr 2017 Jahr 2018 Jahr 2019 Jahr 2020 Sortieren nach:  Beginnt um ( )Letzte Änderung ( )Betreff ( )Eingetragen von ( ) Termine derzeit sortiert nach: Beginnt um aufsteigend Datum Zeit Betreff 30. November 2016 Mittwoch Geburtstag Dirk Vetter   10. Dezember 2016 Samstag Geburtstag Frank Brieschke   24. Dezember 2016 Samstag Geburtstag Thomas Eid   05. Januar 2017 Donnerstag Geburtstag Jürgen Schlagheck   16. Februar 2017 Donnerstag Geburtstag Tobias Raymund   22. Februar 2017 Mittwoch Geburtstag Werner Süsselbeck   23. Februar 2017 Donnerstag Geburtstag Alxandros Trikialiotis   27. Februar 2017 Montag Geburtstag Stefan Homrighausen   01. März 2017 Mittwoch Geburtstag Torsten Strombach   09. März 2017 Donnerstag Geburtstag Michel Ley   15. März 2017 Mittwoch Geburtstag Frank Polenske   20. März 2017 Montag Geburtstag Andreas Multhauf   05. April 2017 Mittwoch Geburtstag Tayo Adeyemi   22. April 2017 Samstag Geburtstag Joachim Tix   22. April 2017 Samstag Geburtstag Udo Wiesener   23. April 2017 Sonntag Geburtstag Rüdiger Gelfarth   26. April 2017 Mittwoch Geburtstag Erik Schoppmann   27. April 2017 Donnerstag Geburtstag Fabian Leissner   27. April 2017 Donnerstag Geburtstag Thomas Meyer   03. Mai 2017 Mittwoch Geburtstag Horst Naumann   Ausgewählte Termine   in iCalendar exportieren  | (1) 2 3 4 5 6 7 8 9 10 ... 44 » | ©2007  Systemfuzzi ","title":"vflgummersbach4.de - Die Vierte! - Termine","desc":"Willkommen bei \"der Vierten\" Mannschaft des VfL Gummersbach!","details":{"length":2394,"language":"de","date":"2014/10/31 16:18:42","type":"application/xhtml+xml","country":""},"crawling":{"duration":"1","date":"2014/10/31 16:18:42"},"metas":[{"name":"robots","value":"index,follow"},{"name":"keywords","value":"vfh, gummersbach, vfl, hsg, handball, sport, kreisklasse, kreisliga, oberberg, landesliga, oberliga, hvm, handballverband, mittelrhein"},{"name":"description","value":"Willkommen bei \"der Vierten\" Mannschaft des VfL Gummersbach!"},{"name":"rating","value":"general"},{"name":"author","value":"Frank Brieschke"},{"name":"copyright","value":"© 2007"},{"name":"generator","value":"XOOPS"}],"uri":{"protocol":"http","domain":"de.vflgummersbach4.","url":"http://vflgummersbach4.de/modules/pical/?caldate=2016-11-9"}}},{"_index":"de_content_201410","_type":"resourceQ","_id":"http://webgamers.de/index.php?page=memberslist&s=68435ec5abfda10f6ac706a28207083f8774f9bd","_score":1.0, "_source" : {"body":" Sie sind nicht angemeldet. Anmelden Registrieren Ungelesene Beiträge Unbeantwortete Themen Themen der letzten 24 Stunden Erweiterte Suche Webgamers Startseite News Browsergames Charts Forum IRC-Chat Mitglieder Anmelden - Webgamers X Benutzername Kennwort Dauerhaft angemeldet bleiben? Kennwort vergessen Abschließen der Registrierung Webgamers » Mitglieder Insgesamt 1 438 Mitglieder Facebook Like Button Lieber Besucher, herzlich willkommen bei: Webgamers. Falls dies Ihr erster Besuch auf dieser Seite ist, lesen Sie sich bitte die Hilfe durch. Dort wird Ihnen die Bedienung dieser Seite näher erläutert. Darüber hinaus sollten Sie sich registrieren, um alle Funktionen dieser Seite nutzen zu können. Benutzen Sie das Registrierungsformular, um sich zu registrieren oder informieren Sie sich ausführlich über den Registrierungsvorgang. Falls Sie sich bereits zu einem früheren Zeitpunkt registriert haben, können Sie sich hier anmelden. Mitgliederliste Mitgliedersuche Team-Mitglieder alle # A B C D E F G H I J K L M N O P Q R S T U V W X Y Z Ä Ü Ö Benutzername Avatar E-Mail-Adresse Website Registrierungsdatum Beiträge ICQ Skype Bay Administrator 27. Dezember 2012 1 637 BlackScorp Moderator 19. März 2013 440 simbad Fortgeschrittener 28. März 2013 209 niemand Moderator 19. April 2013 173 Eyello Moderator 2. März 2013 170 Fabi Schüler 21. Januar 2013 151 Bazi Schüler 21. Januar 2013 148 Rico Moderator 1. Februar 2013 146 tector Schüler 13. März 2013 140 Programmierer Schüler 21. Januar 2013 121 Kornflake Schüler 4. Februar 2013 104 Slayer Schüler 1. Mai 2013 99 Webwork-Studios Schüler 25. Februar 2013 98 sinus Schüler 9. März 2013 96 Club-Vote Schüler 22. Oktober 2013 90 Black NEXUS Schüler 2. Januar 2014 86 Cain Schüler 10. Februar 2013 78 Meister Schüler 15. April 2013 75 Scarabaeus Schüler 17. Juli 2013 72 nOnAmE Schüler 24. März 2013 59 Audio Schüler 22. Januar 2013 57 Xugro Schüler 10. Mai 2013 57 LinuxDoku Anfänger 17. April 2013 52 -Ghostbuster- Schüler 15. Januar 2014 49 Floridus Schüler 4. Juli 2013 48 MajorStorm Anfänger 27. April 2013 47 Sven Anfänger 16. August 2013 46 Fosco Schüler 24. April 2013 45 Mina Schüler 20. November 2013 45 mcroll Anfänger 8. Februar 2013 42 1 2 3 4 5 6 7 … 8 10 12 14 16 18 20 22 24 26 28 30 32 34 36 38 40 42 44 46 48 Browsergame Charts Online Soccer Simkea - Das etwas andere Rollenspiel GigraWars - 2012 Letzte News Großen Interview mit Averlion von Final Cumeda ! Interview mit Mario vom Liga- sowie Cyclingmanager Interview mit Trimegistos von Bananenflanke Neueste Browsergames Wrestling Manager Online Creetures Schlacht um Kyoto Hilfe & Recht Werben auf Webgamers Voten in der Chartliste Disclaimer Hilfe Impressum Nutzungsbestimmungen Kontakt Mittwoch, 2. Juli 2014, 09:05 Zum Seitenanfang Forensoftware: Burning Board®, entwickelt von WoltLab® GmbH WBB Style by cls-design Dauerhaft angemeldet bleiben? ","title":"Mitglieder - Webgamers","desc":null,"details":{"length":2877,"language":"de","date":"2014/10/31 16:18:42","type":"application/xhtml+xml","country":""},"crawling":{"duration":"1","date":"2014/10/31 16:18:42"},"metas":[{"name":"description","value":""},{"name":"keywords","value":""},{"name":"robots","value":"noindex,nofollow"}],"uri":{"protocol":"http","domain":"de.webgamers.","url":"http://webgamers.de/index.php?page=memberslist&s=68435ec5abfda10f6ac706a28207083f8774f9bd"}}},{"_index":"de_content_201410","_type":"resourceQ","_id":"http://the-guardian-swtor.de/viewcharacter.php?isort=4%7casc&member_id=110&msort=3%7casc&rsort=2%7cdesc&s=ccc65990bbe7d967a7925566b2ed9c5ef67d0cba","_score":1.0, "_source" : {"body":" x #{title} #{text} x #{title} #{text} x #{title} #{text}   •   Dienstag, 1. Juli 2014 16:28 The Guardian SWTOR T3-M4   Forum Hauptseite     Menü News Das Team Roster Benutzerliste Forum Ereignisse Gilden-Server Uptime SWTOR - Patchnotes   User-Menü Anmelden Registrieren   Links The Guardian MMO SWTOR EQDKP-Plus Jedipedia.NET Wikipedia / StarWars LukasArts Offizielle StarWars Homepage Industrial Light & Magic SWTOR-SPY SWTOR.EU Guides   User Online Zuletzt online: 23.05.2014 08:53:24 Silsenia Zuletzt online: 22.05.2014 16:15:38 Isaschar Zuletzt online: 20.03.2014 10:59:45 Voven Zuletzt online: 20.02.2014 20:02:40 Bagira Zuletzt online: 27.12.2013 21:31:18 Drix Zuletzt online: 13.12.2013 03:04:26 Daps Zuletzt online: 12.11.2013 22:44:34 Triff Zuletzt online: 05.11.2013 07:34:42 Benaiah Zuletzt online: 15.09.2013 10:53:25 Thag Zuletzt online: 05.08.2013 09:05:57 yovi   Teamspeak 3 ErrorsMissing permissions to query the server, check your permission-settings in your TS3-Server Welcome to the TeamSpeak 3 ServerQuery interface, type \"help\" for a list of commands and \"help \" for information on a specific command. error id=2568 msg=insufficient client permissions failed_permid=22 Alertsquery timed out yovinins Level 50, Schurke (Mirialan) The Guardian Geschlecht Male Gilde DKP Informationen Kontoname Erhalten Ausgegeben Anpassungen Ereignisse: Aktuell Raids (30 Tage) Raids (60 Tage) Raids (90 Tage) Raids (Lebenszeit) ... 0 Einträge gefunden Raids Gegenstände Korrekturen Raidteilnahme Notizen Raidbeteiligungs-Historie Datum Name Notiz Wert ... 0 Einträge gefunden Item-Kauf-Historie Datum Käufer Name Raid Itempool Wert ... 0 Einträge gefunden Individuelle Korrektur-Historie Datum Grund Wert ... 0 Einträge gefunden Icon Ereignis Raids (Lebenszeit) Furchtzahn 10 stacks 0% (0/0) the-last-try 0% (0/0) Toboros Hof 0% (0/0) Denova (Alptraum) 8Mann 0% (0/0) Denova 8Mann (Alptraum) 0% (0/0) Story mode Op 0% (0/0) Schrecken aus der Tiefe (HC) 8Mann 0% (0/0) Schrecken aus der Tiefe (Story) 8Mann 0% (0/0) Abschaum und Schurken 0% (0/0) Scum & Villainy (Hard Mode) 0% (0/0) Schrecken aus der Tiefe (HC) 16Mann 0% (0/0) Terror from Beyond HC 16er 0% (0/0) Karragas Palast 16 mann (Schwer) 0% (0/0) Karragas Palast 16 mann (Alptraum) 0% (0/0) Gilden Event 0% (0/0) Ewige Kammer 16 Mann (Alptraum) 0% (0/0) Ewige Kammer 16 mann (Schwer) 0% (0/0) DATACRON +10 flotte 0% (0/0) Ewige Kammer 16 mann 0% (0/0) evt. ID weiter Führung 0% (0/0) Karaggas Palast 8 mann schwer 0% (0/0) Ewige Kammer 8 mann Schwer 0% (0/1) Karaggas Palast 8 mann 0% (0/0) Gildenbesprechung 0% (0/0) Explosiver Konflikt 8 mann 0% (0/0) Adminbesprechung 0% (0/0) Ewige Kammer 16 mann (Schwer) 0% (0/0) Karaggas Palast 16 mann 0% (0/0) Explosiver Konflikt 8 mann Schwer 0% (0/0) Ewige Kammer 8 mann Alptraum 0% (0/0) Karaggas Palast 8 mann Alptraum 0% (0/0) Ewige Kammer 8 mann 0% (0/0) ... 32 Einträge gefunden Keine Notizen vorhanden. Kommentare Keine Kommentare vorhanden EQDKP-PLUS 1.0 RC 6 © 2014 by EQdkp-Plus Team and Design by CrashOverrideSE               LucasArts, the LucasArts logo, STAR WARS and related properties are trademarks in the United States and/or in other countries of Lucasfilm Ltd. and/or its affiliates. © 2011-2012 Lucasfilm Entertainment Company Ltd. or Lucasfilm Ltd. All rights reserved. BioWare and the BioWare logo are trademarks of EA International (Studio and Publishing) Ltd. EA and the EA logo are trademarks of Electronic Arts Inc. All other trademarks are the property of their respective owners. This site is not supported by or related to LucasArts, BioWare or Electronic Arts. ","title":"Historie für yovinins - The Guardian DKP","desc":"SWTOR Gilde Raid The Guardian","details":{"length":3601,"language":"de","date":"2014/10/31 16:18:40","type":"application/xhtml+xml","country":""},"crawling":{"duration":"1","date":"2014/10/31 16:18:40"},"metas":[{"name":"keywords","value":"T3-M4 SWTOR The Guardian Raid Gilde "},{"name":"description","value":"SWTOR Gilde Raid The Guardian "},{"name":"author","value":"The Guardian"}],"uri":{"protocol":"http","domain":"de.the-guardian-swtor.","url":"http://the-guardian-swtor.de/viewcharacter.php?isort=4%7casc&member_id=110&msort=3%7casc&rsort=2%7cdesc&s=ccc65990bbe7d967a7925566b2ed9c5ef67d0cba"}}},{"_index":"de_content_201410","_type":"resourceQ","_id":"http://veridisquo.de/index.php?sid=892a1f05455a310da02ece4e43425722","_score":1.0, "_source" : {"body":" Login Register Forum FAQ Search Public Topics Posts Last post News News about the games we play, about progress of our groups and important announcements. 1 Topics 1 Posts Last post by FloDaddelt 28 Mar 2014, 17:16 Final Fantasy XIV Topics Posts Last post Tactics Bossguides for Dungeons and Raids. 4 Topics 14 Posts Last post by FloDaddelt 04 May 2014, 10:07 Armory System Disciples of War, Disciples of Magic, Disciples of the Land, Disciples of the Hand 0 Topics 0 Posts No posts   Linkshells & Free Companies All our Linkshells and Free Companies can chit chat and organize here. 0 Topics 0 Posts No posts   Fun Times The Off Topic for our Final Fantasy players 0 Topics 0 Posts No posts   | The team | Delete all board cookies Login  •   Register Username:  Password:  | Log me on automatically each visit Who is online In total there is 1 user online :: 0 registered, 0 hidden and 1 guest (based on users active over the past 5 minutes) Most users ever online was 61 on 22 Jun 2014, 16:06 Registered users: No registered users Legend: Administrators, Final Fantasy XIV, Global moderators Statistics Total posts 16 • Total topics 6 • Total members 8 • Our newest member ユリハ Board index All times are UTC Designed by Dinosaur facts Powered by phpBB® Forum Software © phpBB Group ","title":"Veridis Quo • Index page","desc":null,"details":{"length":1284,"language":"en","date":"2014/10/31 16:18:41","type":"application/xhtml+xml","country":""},"crawling":{"duration":"1","date":"2014/10/31 16:18:41"},"metas":[{"name":"resource-type","value":"document"},{"name":"distribution","value":"global"},{"name":"keywords","value":""},{"name":"description","value":""}],"uri":{"protocol":"http","domain":"de.veridisquo.","url":"http://veridisquo.de/index.php?sid=892a1f05455a310da02ece4e43425722"}}},{"_index":"de_content_201410","_type":"resourceQ","_id":"http://eu-lieferanten.de/shop-electric_solutions_gbr.html","_score":1.0, "_source" : {"body":" Skip to navigation (Press Enter) Skip to main content (Press Enter) Mein Konto Willkommen, einloggen oder registrieren Hilfe | Kontakt | Blog Start Für Lieferanten Für Online Händler Lieferanten-Bewertungen Wir haben folgende Lieferanten zu Ihrer Suche nach \"Electric Solutions GbR\" gefunden: Electric Solutions GbR Dienstleister 99099 Erfurt Branche: Marken: » zum Anbieter » mehr Infos » weitere (1) » weitere (0) Dieser Anbieter wurde 286 mal besucht. anzeigen   Informationen als Lieferant registrieren Tarifübersicht TOP Lieferanten Lieferantenbewertungen Angebots-Anfrage kostenfrei Lieferanten suchen Großhandelsadressen Unternehmen Über Uns Presse AGB Datenschutz Impressum Jobs Network Facebook Youtube Twitter Partner EU-Lieferanten ist ein Service der snowcom GmbH Händler finden bei EU-Lieferanten die passenden Lieferanten für Ihr Online Business. Die registrierten Lieferanten, Hersteller und Großhändler können sich einem Bewertungssystem unterziehen. Online Händler können dann die Lieferantenbewertung einsehen und sich für einen Lieferantenanbieter entscheiden. Der Wiederverkäufer kann sich von unseren Agenten Produkte und Lieferanten suchen lassen. Über EU Lieferanten | Lieferant registrieren | als Online-Händler kostenfrei suchen | Lieferantenbewertungen | Artikelangebote auf Ihre Anfrage Angebote auf dieser Webseite richtet sich an Unternehmer. Alle Preise verstehen sich zzgl. 19% Ust. pro Monat bei jährlicher Zahlung. © 2013 EU-Lieferanten.de - Electric Solutions GbR Suchergebnis auf EU-Lieferanten.de ","title":"Electric Solutions GbR Suchergebnis auf EU-Lieferanten.de","desc":"Electric Solutions GbR Lieferanten bei EU-Lieferanten finden. Hersteller, Großhändler, Importeure und Lieferanten Portal für Electric Solutions GbR. Mit Anbindung an den Einkaufsverband der Einkaufsgemeinde","details":{"length":1534,"language":"de","date":"2014/10/31 16:18:42","type":"text/html","country":""},"crawling":{"duration":"1","date":"2014/10/31 16:18:42"},"metas":[{"name":"author","value":"EU-Lieferanten"},{"name":"publisher","value":"EU-Lieferanten"},{"name":"copyright","value":"EU-Lieferanten"},{"name":"description","value":"Electric Solutions GbR Lieferanten bei EU-Lieferanten finden. Hersteller, Großhändler, Importeure und Lieferanten Portal für Electric Solutions GbR. Mit Anbindung an den Einkaufsverband der Einkaufsgemeinde"},{"name":"keywords","value":"Electric Solutions GbR,Electric Solutions GbR Lieferant, Electric Solutions GbR Großhändler, Electric Solutions GbR Großhandel, Electric Solutions GbR Hersteller, Electric Solutions GbR Importeur, Electric Solutions GbR für Wiederverkäufer"},{"name":"page-topic","value":"Wirtschaft"},{"name":"page-type","value":"Katalog Verzeichnis"},{"name":"audience","value":"Anfänger, Erwachsene, Experten, Fans, Fortgeschrittene, Frauen, Männer, Profis"},{"name":"robots","value":"index, follow"},{"name":"revisit-after","value":"2 days"},{"name":"viewport","value":"width=device-width, initial-scale=1.0"}],"uri":{"protocol":"http","domain":"de.eu-lieferanten.","url":"http://eu-lieferanten.de/shop-electric_solutions_gbr.html"}}},{"_index":"de_content_201410","_type":"resourceQ","_id":"http://mineplanet.de/index.php?entryid=4&page=userblogentry&s=aeecd42cc7ea051d1332553bef7eede60c35e894","_score":1.0, "_source" : {"body":" Ungelesene Beiträge Unbeantwortete Themen Themen der letzten 24 Stunden Erweiterte Suche Minecraft Community Forum Portal Mitglieder Galerie Blog Kalender Minecraft Server Liste Anmelden Dauerhaft angemeldet bleiben? Registrieren Willkommen auf mineplanet.de. Unsere Community heißt dich Willkommen!! Du kannst einen eigenen Blog schreiben...Eine Galerie erstellen und für deinen Minecraft Server Werbung machen. Login Minecraft Community » Mitglieder » Profil von »Iron« Lieber Besucher, herzlich willkommen bei: Minecraft Community. Falls dies Ihr erster Besuch auf dieser Seite ist, lesen Sie sich bitte die Hilfe durch. Dort wird Ihnen die Bedienung dieser Seite näher erläutert. Darüber hinaus sollten Sie sich registrieren, um alle Funktionen dieser Seite nutzen zu können. Benutzen Sie das Registrierungsformular, um sich zu registrieren oder informieren Sie sich ausführlich über den Registrierungsvorgang. Falls Sie sich bereits zu einem früheren Zeitpunkt registriert haben, können Sie sich hier anmelden. Iron Fortgeschrittener »Iron« ist männlich Registrieren Sie sich jetzt! Sie müssen sich registrieren, um eine Verbindung mit diesem Benutzer herzustellen. Profil Freunde Blog Galerie Gästebuch 4 Minecraft Server Liste Bewertung: Von Iron, 03.09.2013, 07:11 Wir haben für euch eine Minecraft Minecraft Minecraft ist ein auf Java basierendes Spiel. Bauklötze in verschiedenen Varianten und Items ergeben neue Variationen von Gegenständen. http://minecraft.net Server Liste erstellt. Ihr Braucht nur eure Server IP und euren Port einzutragen und schon seit ihr in unsere Top list. Die anderen Angaben, wie z.B. Server Beschreibung....etc sind Optional. Die Minecraft Minecraft Minecraft ist ein auf Java basierendes Spiel. Bauklötze in verschiedenen Varianten und Items ergeben neue Variationen von Gegenständen. http://minecraft.net Server Liste ist noch im Beta Status, wird aber in den kommenden Tagen und Wochen weiter ausgebaut. - Jeder kann euren Minecraft Minecraft Minecraft ist ein auf Java basierendes Spiel. Bauklötze in verschiedenen Varianten und Items ergeben neue Variationen von Gegenständen. http://minecraft.net Server Bewerten. - Um so höher ihr in den Rangs seit um so mehr Besucher bekommt ihr. - Macht Werbung für euren Server Optionale Möglichkeiten - Voting System // Noch nicht eingebaut.. - Server Beschreibung - Webseite kann eingetragen werden. - Karte kann mit eingetragen werden - Euren Voice Server - Vote Button für eure Homepage Wir wünschen euch Viel Spaß mit der Server Liste. Solltet Ihr fragen haben oder Ideen haben, könnt Ihr uns gerne im Forum einen Post hinterlassen. Links http://minecraft.net http://minecraft.net http://minecraft.net Dieser Artikel wurde bereits 1 327 mal gelesen. Tags Tags: Minecraft Server Liste, Multiplayer, Ranks, Toplist Kategorien Kategorien: 1. Minecraft by Mineplanet.de wcf.socialBookmark.heading Artikel bewerten Zum Seitenanfang Blog Navigation Nächster Artikel Paintball Event Von Iron (22.10.2013, 17:00) Vorheriger Artikel Mineplanet Community Von Iron (24.08.2013, 12:37) Verwendete Tags Blog Change the Wolrd Galerie Homepage Karte Let’s Play Minecraft Minecraft 1.7.1 Minecraft Server Liste Mods Multiplayer Paintball Rang Ranks RPG Bauten Server Team Texturepacks Toplist Updates Usermap Aktuelles Artikel Minecraft 1.7.2 Update 25.10.2013, 17:00 Paintball Event 22.10.2013, 17:00 Minecraft Server Liste 03.09.2013, 07:11 Mineplanet Community 24.08.2013, 12:37 Loran ist Online 22.08.2013, 17:01 Archiv 2013 (5) 10 2013 (2) Minecraft 1.7.2 Update Paintball Event 09 2013 (1) 08 2013 (2) Shoutbox Archiv Hilfe Impressum Nutzungsbestimmungen 09.07.2014, 09:17 Zum Seitenanfang Forensoftware: Burning Board®, entwickelt von WoltLab® GmbH Dauerhaft angemeldet bleiben? ","title":"Minecraft Server Liste - Blog - Minecraft Community","desc":"Minecraft Multiplayer Serverliste Mods Plugins Texturpacks Videos RPG PVP Arena","details":{"length":3760,"language":"de","date":"2014/10/31 16:18:40","type":"application/xhtml+xml","country":""},"crawling":{"duration":"1","date":"2014/10/31 16:18:40"},"metas":[{"name":"description","value":"Minecraft Multiplayer Serverliste Mods Plugins Texturpacks Videos RPG PVP Arena"},{"name":"keywords","value":"Minecraft Multiplayer Serverliste Mods Plugins Texturpacks Videos RPG PVP Arena"}],"uri":{"protocol":"http","domain":"de.mineplanet.","url":"http://mineplanet.de/index.php?entryid=4&page=userblogentry&s=aeecd42cc7ea051d1332553bef7eede60c35e894"}}},{"_index":"de_content_201410","_type":"resourceQ","_id":"http://forum-wo-ist-gott.de/index.php/tagged/95-feindesliebe/?objecttype=com.woltlab.wbb.thread&s=f03e74472564bce59bef4215732bdcaab858a1fe","_score":1.0, "_source" : {"body":" Anmelden oder registrieren Benutzername oder E-Mail-Adresse Sind Sie bereits registriert? Nein, ich möchte mich jetzt registrieren. Ja, mein Kennwort lautet: Kennwort Dauerhaft angemeldet bleiben Nur Betreff durchsuchen Ergebnisse als Themen anzeigen Erweiterte Suche Dashboard Forum Mitglieder Zum Seitenende Schnellnavigation Inhalte Themen Tags Adam Angst Apfel Baum der erkenntnis Baum des Lebens Befreieung Bekehrung Bibel Frauenfindlich Biographie Buy now pay later Corrie ten Boom Das schaff ich nicht Demut Denominationen Die 10 Gebote Drittes Reich Drogen Einmal Christ immer Christ? Einsamkeit hinter Masken Erfolg um jeden Preis Eva Feinde Feindesliebe Film Freiheit Friede Freude Eierkuchen Gewalt Gleichberechtigung Gott Hass Hat Gott Humor Heilig Holland Hölle Jesus Judenverfolgung Jugend Katholisch Knetmännchentechnik Krankheit Krieg Leben Lebendiges Wasser Lebenshilfe Lebenswichtig Loser Masken Mission Neu geboren Opfer Paulus Preis des Erfolges Reichtum Reichtum Hölle Rettung RyDZYEScc Schlange Schuld Schulden Schwach Schüchternheit Selbsbefriedigung Selbstheilung Selbstheilung durch Vergebung Sex Sex vor der Ehe Sündenfall Trickfilm Urteilt nicht Vergebung Verloren Warum anderen von Jesus erzähl Was bin ich Wert Wie kann Gott das zulassen Zeichentrick Zeugnis alles sofort baptistisch das Leben depression der Lebensweg der richtige weg echte Christen einsamkeit erlösung evangelisch faul oder nur feige kann man als Christ verlorenge klein lebenslüge liebe mutiger Glaube nett schnelles leben sinn des lebens ungewollt verlierer verzweiflung zu unserem Besten überfordert Wo ist Gott » Themen mit dem Tag „Feindesliebe“ Themen Thema Antworten Likes Zugriffe Letzte Antwort Liebet eure Feinde Michael - 6. August 2012, 15:47 - Fragen zum Glauben 0 543 Wo ist Gott » Impressum Zum Seitenanfang 9. Juli 2014, 10:18 Forensoftware: Burning Board® 4.0.2 pl 1, entwickelt von WoltLab® GmbH wcf.altitude.copyright wcf.altitude.styleInformation Schließen wcf.altitude.name wcf.altitude.style wcf.altitude.licence wcf.altitude.licenceFree wcf.altitude.manufacturer wcf.altitude.homePage wcf.altitude.designer wcf.altitude.designerName ","title":"Themen mit dem Tag „Feindesliebe“ - Wo ist Gott","desc":"Wie kann mir Gott helfen?","details":{"length":2155,"language":"de","date":"2014/10/31 16:18:41","type":"text/html","country":""},"crawling":{"duration":"1","date":"2014/10/31 16:18:41"},"metas":[{"name":"viewport","value":"width=device-width, initial-scale=1"},{"name":"format-detection","value":"telephone=no"},{"name":"description","value":"Wie kann mir Gott helfen?"},{"name":"keywords","value":"Gott, Lebenshilfe"},{"name":"og:site_name","value":"Wo ist Gott"}],"uri":{"protocol":"http","domain":"de.forum-wo-ist-gott.","url":"http://forum-wo-ist-gott.de/index.php/tagged/95-feindesliebe/?objecttype=com.woltlab.wbb.thread&s=f03e74472564bce59bef4215732bdcaab858a1fe"}}},{"_index":"de_content_201410","_type":"resourceQ","_id":"http://thw-jugend-eschweiler.de/index.php/bildergalerie/category/101-19791013-einsatz-scheunenbrand-roehe?897ab1f66b83b1ad639341e29d11ac46=af7b3eaad116b90fa9d7ae2584b96fce","_score":1.0, "_source" : {"body":" Bundesanstalt Technisches Hilfswerk Ortsverband Eschweiler Startseite Bildergalerie Gästebuch Kontakte Anfahrt Impressum Allgemeines Das THW Die THW-Jugend e.V. Mitarbeit im THW Ausbildung im THW Informationen für Arbeitgeber THW-Standorte Einsatzoptionen Der Ortsverband über uns Einsätze Hilfeleistungen Veranstaltungen Übungen Ausbildung Förderer des Ortsverbandes Die Jugendgruppe über uns Übungen Veranstaltungen Helfervereinigung über uns Aktuelles Infobriefe und Newsletter Aufnahmeantrag Satzung Jahreshauptversammlungen Bildergalerie THW OV Eschweiler Historisches  1979.10.13_Eins... 1979.10.13_Eins... 1979.10.13_Eins... 1979.10.13_Eins... 1979.10.13_Eins... 1979.10.13_Eins... 1979.10.13_Eins...       Powered by Phoca Gallery Aktuelles Zwei Neue Helfer - Markus Heinrichs und Eike Wolkenar 24.05.2014 Jahreshauptversammlung der THW-Helfervereinigung 24.04.2014 Ausbildung zum Atemschutzgeräteträger - Marcus Schulz mit Bestnote 05.04.2014 Brücke über den Riffersbach repariert 05.04.2014 Delegierte aus NRW komplett in Lübeck angetreten 29.03.2014 Termine Keine Termine Unwetterwarnungen © Deutscher Wetterdienst, Offenbach (DWD) Partnerseiten Copyright © 2009 ---. All Rights Reserved. Joomla template created with Artisteer by Ingo Kremer. ","title":"Bildergalerie THW OV Eschweiler","desc":"Joomla! - dynamische Portal-Engine und Content-Management-System","details":{"length":1256,"language":"de","date":"2014/10/31 16:18:37","type":"application/xhtml+xml","country":""},"crawling":{"duration":"1","date":"2014/10/31 16:18:37"},"metas":[{"name":"robots","value":"index, follow"},{"name":"keywords","value":"joomla, Joomla"},{"name":"description","value":"Joomla! - dynamische Portal-Engine und Content-Management-System"},{"name":"generator","value":"Joomla! 1.5 - Open Source Content Management"}],"uri":{"protocol":"http","domain":"de.thw-jugend-eschweiler.","url":"http://thw-jugend-eschweiler.de/index.php/bildergalerie/category/101-19791013-einsatz-scheunenbrand-roehe?897ab1f66b83b1ad639341e29d11ac46=af7b3eaad116b90fa9d7ae2584b96fce"}}},{"_index":"de_content_201410","_type":"resourceQ","_id":"http://bodybuilding-depot.de/forum/board36-special-section/board7-url-base/?s=0bf43de08da60c06777b2d08c0f18e10b13838ac","_score":1.0, "_source" : {"body":" Registrieren Anmelden Sie sind nicht angemeldet. Ungelesene Beiträge Unbeantwortete Themen Themen der letzten 24 Stunden Erweiterte Suche Bodybuilding Depot Forum Shop Forum Berichte Chat Netzwerk Mitglieder Suche PN-Fach URL Base Bodybuilding Depot Forum » Special Section Informationen Bodybuilding-Forum. Infos über Bodybuilding-Training, Bodybuilding-Ernährung, Powerlifter-Kraft-Training, Muskelaufbau, Protein und Nahrungsergänzungsmittel. In der Bodybuilding-Depot-Forum treffen sich Sportler vorwiegend aus Deutschland, Österreich und der Schweiz. Bei uns bekommt man immer aktuelle Informationen über Fitness und Krafttraining. In unserem IFBB Contest Portal stehen Ergebnisse aktueller Bodybuilding Wettkämpfe. Im Supplement Forum kann man sich über verschiedene Muskelaufbau-Präparate wie Protein, Eiweiss, Aminosäuren, Creatin, Glutamin, Vitamine und Mineralien informieren. In unserem umfangreichen Steroid Sektor befinden sich akutelle Infos zu sämtlichen Anabolika Präparaten wie Dianabol, Testosteron, Trenbolon, Anapolon, Deca Durabolin, Insulin, Wachstumshormone STH und IGF1. Wenn Sie Beiträge schreiben möchten, müssen Sie sich registrieren. Shop und Forum sind unterschiedliche Plattformen. Die Shop-Zugangsdaten funktionieren hier im Forum nicht. 1 2 3 URL Base - Themen Thema Bewertung Antworten Zugriffe Letzte Antwort unabhängige Supplement-Bewertungen Von Ironman (7. November 2012, 12:58) 8 686 Von BBT87 (8. Mai 2013, 14:53) Neue Youtube-Koryphäe Von saarlodri (21. April 2013, 14:31) 11 294 Von saarlodri (23. April 2013, 11:45) Kreuzheben ist ne völlige SCHEIß Übung und bringt nix!! Von Leon Jawid (23. Februar 2013, 01:45) 11 701 Von Bigedd (17. April 2013, 19:03) Alte Nationalhymne eingespielt 1 2 Von Arkasin (20. August 2011, 02:17) 30 1 109 Von walter_sobchak (10. Februar 2013, 22:20) über 2000 pics von Arni:) 1 2 Von xXx (21. März 2006, 15:18) 22 3 716 Von ETSL (23. Oktober 2012, 14:37) Supplementbewertungs-Seite Von PotsdamPump (29. September 2012, 17:51) 0 286 keine Antwort Lebensmittel welche die Verbraucher täuschen Von Ironman (25. Mai 2012, 14:20) 5 395 Von PotsdamPump (29. September 2012, 17:50) Z - FUCKING HARDCORE Von mrc´L (4. Februar 2011, 17:22) 10 824 Von PotsdamPump (29. September 2012, 17:48) Suppranking der Supplement Ratgeber Von suppranking (8. August 2012, 07:56) 8 498 Von PotsdamPump (29. September 2012, 17:47) Rock’n’Roll Wrestling Bash - 22.12.2012 Berlin - K17 Von K17 (22. August 2012, 16:13) 1 297 Von die rote gefahr (24. August 2012, 17:48) Pit Trenz Videos Von moerkes310 (20. März 2012, 12:18) 1 350 Von Phil87 (20. März 2012, 12:43) Ronny Rockel bei Olliver Geissen Von luxusM (4. Dezember 2011, 08:55) 13 507 Von uiuiui (16. Dezember 2011, 17:07) Larissa Reis Von xxBrutusxx (18. September 2011, 16:27) 0 64 keine Antwort Nettes Video von den Urgesteinen des Bodybuilding Von luxusM (13. September 2011, 09:46) 2 399 Von klecks1511 (14. September 2011, 07:24) Testo Injektion in Oberschenkel - interessante Videoanleitung Von NeverMind (23. August 2011, 06:14) 15 8 647 Von -= Live is Justice =- (27. August 2011, 19:53) der ist auch gut! Von filou3205 (19. Juni 2011, 19:04) 6 451 Von Das Viech (19. August 2011, 18:51) Seite für Hanteln ab/bis 50 Kg Von Arkasin (29. Juli 2011, 10:04) 4 536 Von bodybuildingfreak (18. August 2011, 13:25) \"Stic - back on my regimen\" ... the workout Von Cpt. Balu (10. August 2011, 11:12) 0 272 keine Antwort Rest-Pause WKEWEW Von Arkasin (7. August 2011, 19:24) 0 265 keine Antwort Zhasnis neustes Meisterwerk Von mrc´L (11. Januar 2011, 19:46) 15 807 Von Son (1. Juli 2011, 09:37) Alt aber immer wieder lustig!! Von filou3205 (19. Juni 2011, 16:20) 5 720 Von Jacko (19. Juni 2011, 18:23) Pole Marek Von Torture Machine (3. Mai 2011, 16:11) 6 598 Von Torture Machine (8. Mai 2011, 11:57) Roid Rage Von Amino-Max (27. April 2011, 14:33) 0 419 keine Antwort Lachnummern bzw. Witzfiguren Von Ben (7. März 2011, 22:17) 3 656 Von salasah (25. April 2011, 20:18) The best of kevin levrone Von der_Freak (8. April 2011, 17:10) 2 636 Von Harpagornis (9. April 2011, 23:17) Mozbackup..... Von Varek (19. März 2011, 22:28) 0 474 keine Antwort Suche Kostenloses EINFACHES Warenwirtschaftssystem Von Jacko (9. August 2009, 12:12) 6 2 244 Von Richie (14. März 2011, 13:53) ein schönes Video nicht nur für KDK,s Von Amboss (12. Februar 2011, 16:48) 1 367 Von salasah (12. Februar 2011, 16:56) BODYBUILDING MIRROR Von Amboss (3. Februar 2011, 17:23) 1 418 Von SemperFi (3. Februar 2011, 22:12) Zashine bekommt Konkurrenz Von der_Freak (2. Februar 2011, 14:41) 1 392 Von mann (2. Februar 2011, 14:55) Tennis Flitzer Fail Von SemperFi (15. Januar 2011, 06:38) 4 631 Von Harpagornis (17. Januar 2011, 07:53) The Golden Days of Bodybuilding Von SemperFi (4. Januar 2011, 18:11) 1 404 Von klecks1511 (5. Januar 2011, 10:07) hammer video 1 2 Von bayernsepp (9. Oktober 2010, 15:28) 28 1 581 Von RHT_22 (30. Dezember 2010, 15:16) Mitten im Leben (Dennis trainiert) Von Neuer (22. Dezember 2010, 14:42) 6 2 423 Von MiamiMax (28. Dezember 2010, 17:41) Datenbank über Lebensmittelzusatzstoffe Von Ironman (30. November 2010, 12:43) 0 397 keine Antwort www.jamlegend.com Von mrc´L (18. November 2010, 17:53) 3 808 Von XXL (19. November 2010, 07:30) Unförmiger Bodybuilder 1 2 3 Von jelzin (2. Mai 2010, 21:48) 45 3 090 Von salasah (10. November 2010, 12:37) Seilpringen :D Von Marlboro (5. Juli 2010, 12:16) 2 732 Von Harpagornis (25. September 2010, 18:54) Drogen sind nicht gut Von chriSx2y (26. April 2009, 20:16) 11 1 571 Von zachi (2. Juli 2010, 13:42) Dennis Von MasterXXL (25. Mai 2010, 00:05) 4 741 Von eraser (25. Mai 2010, 15:48) Lady Kaka - Kot ins Face Von MasterXXL (18. Mai 2010, 23:21) 2 887 Von MasterXXL (18. Mai 2010, 23:41) Suche Rock Musik Forum! Von ITALIAN MUSCLE (29. Oktober 2009, 20:33) 2 876 Von muster (10. Januar 2010, 13:49) Meine Website über Bodybuilding, Supps etc. Von Manuel (8. Dezember 2009, 09:26) 0 16 keine Antwort Was kewles fürs Büro und die Kollegen... Von Eidolon (2. September 2009, 13:33) 5 1 047 Von MJuStAL (20. Oktober 2009, 12:02) Mein neues Türsteherforum!! Von stylerxxl (9. April 2009, 21:51) 4 1 149 Von Jack (17. August 2009, 18:11) rent a pocher - oli als bodybuilder 1 2 Von akdmks (2. Januar 2009, 04:02) 20 2 622 Von chriSx2y (17. Mai 2009, 11:54) Coleman vs. Schwarzenegger Von salasah (13. Mai 2009, 19:55) 6 883 Von salasah (15. Mai 2009, 14:56) Stallone beim Training...mit 62 Jahren!!! Von Juli (5. Mai 2009, 19:21) 7 1 348 Von Amboss (7. Mai 2009, 18:19) Infusions tropf Von Kaliumcyanid (20. November 2008, 07:18) 2 845 Von Jacko (9. April 2009, 21:15) ALLE AKTUELLEN KINO FILME ZUM GRATIS GUCKEN (streams) Von *NeRo|3oL- (31. März 2009, 22:17) 8 1 388 Von Marco (6. April 2009, 22:28) 1 2 3 Informationen Sortierung & Filterung Sortierung nach Präfix Titel Dateianhänge Umfragen Autor Erstem Beitrag Bewertung Antworten Zugriffe Letztem Beitrag in aufsteigender Reihenfolge in absteigender Reihenfolge Im Zeitraum der letzten 24 Stunden der letzten 3 Tage der letzten 7 Tage der letzten 14 Tage der letzten 30 Tage der letzten 60 Tage der letzten 100 Tage der letzten 365 Tage von Anfang an Status geschlossen offen Moderatoren: mrc´L Statistik: 127 Themen - 1 164 Beiträge (0,34 Beiträge pro Tag) Forum als gelesen markieren Foren Bitte wählen: ----------------------- Universal Section      Empfangshalle      Talk Union Bodybuilder / Powerlifter Section      Trainings Plattform          Premium Area          Trainigspläne          Trainings-Logbücher          Fitness Studio Insider Report      Mighty Mike´s KDK Portal      Giganten im Bodybuilding und Powerlifting          Gigantische Girls!          Internationale Profi-Bodybuilder          Internationale Powerlifter-Champs      IFBB Contest Report      Powerlifter´s Area      Woman´s Base      Member Galerie      Imperial Union Supplement Section      Supplement Paradise          Premium Area          Supplement Lexikon          Supplement Blacklist      S.U. Whey Hydrolysat Test      Bodybuilding Depot ---> Produktinfos      Bodybuilding Depot ---> Produktbewertungen      Royal Flavour System      Flavour Bewertungen      Food Area          Ernährungspläne      Bodybuilding-Rezepte          Frühstück          Mittagessen          Abendessen          Snacks          Drinks          Flavour Rezepte Special Section      Steroid Area          Premium Area          Steroid Lexikon          STH & Insulin Area      Medical Union      Vote Union      Computer-, Security-, Spionage Base          Premium Area      Verkaufs Plattform      URL Base      Sexy Babes      Technical Support Dauerhaft angemeldet bleiben? Samstag, 5. Juli 2014, 20:04 Zum Seitenanfang Impressum Hilfe Forum-Regeln ","title":"URL Base - Bodybuilding Depot Forum","desc":null,"details":{"length":8717,"language":"de","date":"2014/10/31 16:18:38","type":"application/xhtml+xml","country":""},"crawling":{"duration":"1","date":"2014/10/31 16:18:38"},"metas":[{"name":"description","value":""},{"name":"keywords","value":""}],"uri":{"protocol":"http","domain":"de.bodybuilding-depot.","url":"http://bodybuilding-depot.de/forum/board36-special-section/board7-url-base/?s=0bf43de08da60c06777b2d08c0f18e10b13838ac"}}},{"_index":"de_content_201410","_type":"resourceQ","_id":"http://shop.kartshop-xl.de/index.php/cat/c86_bremsscheiben-bremsscheiben.html/xtcsid/378624df2cb2422cf3eb9951d1229fee","_score":1.0, "_source" : {"body":"          Kundenlogin      Kundengruppe: Gast Merkzettel Kasse Suchen Partnershops Motoreninfo Artikel auf Bestellung Go Startseite » Bremse » Bremsscheiben Ihr Warenkorb keine Produkte Bremsscheiben Sortieren nach --- bitte wählen --- Preis aufsteigend Preis absteigend Name aufsteigend Name absteigend Einstelldatum aufsteigend Einstelldatum absteigend Lieferzeit aufsteigend Lieferzeit absteigend Anzeigen 8 16 24 48 96    Seite:   1  Bremsscheibe 200 x 6 mm 27,00 EUR inkl. 19% MwSt. zzgl. Versand Lieferzeit: ca. 3-4 Tage In den Warenkorb Bremsscheibe 200 x 8 mm 29,50 EUR inkl. 19% MwSt. zzgl. Versand Lieferzeit: ca. 3-4 Tage In den Warenkorb Bremsscheibe TEC standard 31,00 EUR inkl. 19% MwSt. zzgl. Versand Lieferzeit: ca. 3-4 Tage In den Warenkorb Bremsscheibe vorn standard 40,99 EUR inkl. 19% MwSt. zzgl. Versand Lieferzeit: ca. 3-4 Tage In den Warenkorb Bremsscheibe TEC HQ 210 x 12 mm 41,00 EUR inkl. 19% MwSt. zzgl. Versand Lieferzeit: ca. 3-4 Tage In den Warenkorb Bremsscheibe HQ 208 x 12 mm 44,00 EUR inkl. 19% MwSt. zzgl. Versand Lieferzeit: ca. 3-4 Tage In den Warenkorb Bremsscheibe HQ 210 x 12 mm 48,00 EUR inkl. 19% MwSt. zzgl. Versand Lieferzeit: ca. 3-4 Tage In den Warenkorb Wildkart Bremsscheibe vorn 53,60 EUR inkl. 19% MwSt. zzgl. Versand Lieferzeit: ca. 3-4 Tage In den Warenkorb Sortieren nach --- bitte wählen --- Preis aufsteigend Preis absteigend Name aufsteigend Name absteigend Einstelldatum aufsteigend Einstelldatum absteigend Lieferzeit aufsteigend Lieferzeit absteigend Anzeigen 8 16 24 48 96    Seite:   1  Zeige 1 bis 8 (von insgesamt 8 Artikeln) Batterie Bekleidung Bremse Chassis Chassis Zubehör Felgen Hinterachsaufbau Ketten Lager Lenkung Meßgeräte Motoren Motorenzubehör Pedale Reifen Sitze / Zubehör Sonstiges Tank / Zubehör Verkleidung Werkzeuge Öle / Schmiermittel Bestseller 01. Bremsscheibe HQ 210 x 12 mm 48,00 EUR 02. Bremsscheibe TEC standard 31,00 EUR 03. Bremsscheibe 200 x 8 mm 29,50 EUR 04. Bremsscheibe 200 x 6 mm 27,00 EUR 05. Wildkart Bremsscheibe vorn 53,60 EUR Kundenrezensionen   EjzEiz wdbyepaimfbj,... Newsletter-Anmeldung E-Mail Anmelden Hersteller Bitte wählen Alfano ARAI B2-Helmets Bridgestone Brüder Mannesma.. DID DM-Motorsport Dunlop Duro FI.MO. FreeM G-Mac Helmet IMAF Iris Ketten KG Mikuni New-Line OMP Righetti Ridolf.. Shell Sparco Speed Suco Wildkart Informationen Sitemap Partner Mehr über... Impressum Kontakt Zahlungsarten Widerrufsrecht Liefer- und Versandkosten Privatsphäre und Datenschutz Callback Service Besucherstatistik 34 Besucher zur Zeit online 247409 Besucher seit dem 30.09.2009 Sicher zahlen mit PayPal Seite speichern bei Partner     Information Impressum Widerruf Datenschutz Zahlungsarten Versandkosten   Quick-Links Warenkorb Mein Konto Zur Kasse Kontakt Callback-Service Newsletter   Häufig gesucht Kartreifen Ketten Sturmhauben Felgen Karthelme Laptimer   Hersteller | Marken Wildkart Alfano Speed OMP New-Line Shell   Share Shopsystem by Gambio.de © 2011 Handschuhe Helme Nackenschutz Overalls Rippenschutz Schuhe Sonstiges Sturmhauben Wildkart Bremsenentlüfter Bremssattel Bremsscheiben Bremsscheibenaufnahme Hauptbremszylinder Seile & Züge Zubehör Bremse Bremsanlage komplett Aluminium Magnesium Zubehör Achsen Achskeile Achslager Kettenblatt 219 Kettenblatt 428 Kettenblattaufnahme Kettenrad 428 Lagerschalen Radsterne Ketten 219 Ketten 428 Kettenschloss Kettenschutz Achsschenkel Kupplungs- und Schalthebel Lager/Lenkung Lenkradaufnahmen Lenkräder Lenksäule Lenksäulenhalterung Radstern vorn Stangen AIM Alfano Alfano Zubehör Drehzahlmesser Luftdruckprüfer Sonstige Meßgeräte 2-Takt 4-Takt Auspuff Benzinpumpen Bowdenzug Geräuschdämpfer / Sportluffilter Kolben Kupplung Kühlung Motorabdeckungen Motorbock Motorenteile GX Motorritzel Vergaser Zündung Bridgestone Dunlop Duro Komet MG Reifen Sava Vega Kartplanen Kartwagen Kleinteile Ladegeräte Reifentaschen Werkzeugtische Auffahrschutz Startnummern Verkleidung komplett Zubehör Bremsflüssigkeit Getriebeöl Reiniger / Spray Öl 2-Takt Öl 4-Takt Sie haben noch keine Artikel in Ihrem Warenkorb. E-Mail Passwort Anmelden Konto erstellen Passwort vergessen? ","title":"Kart Shop @ Kartshop-XL - Bremsscheiben für Kart, Kartsport","desc":"Wir bieten in unserem Kartshop alles zum Kartsport. Sie finden Kühler, Reifen , Sitze, Reifen, Overall, Helme für Kart und auch Kartzubehör.","details":{"length":4110,"language":"de","date":"2014/10/31 16:18:40","type":"application/xhtml+xml","country":""},"crawling":{"duration":"1","date":"2014/10/31 16:18:40"},"metas":[{"name":"robots","value":"index,follow"},{"name":"language","value":"de"},{"name":"date","value":""},{"name":"author","value":"Kartshop-XL Kai Dachsel"},{"name":"keywords","value":"Bremsscheibe Kart, Bremsscheibe innenbelüftet Kart, Bremsscheibe CRG, Bremsscheibe Birel"},{"name":"description","value":"Wir bieten in unserem Kartshop alles zum Kartsport. Sie finden Kühler, Reifen , Sitze, Reifen, Overall, Helme für Kart und auch Kartzubehör."}],"uri":{"protocol":"http","domain":"de.kartshop-xl.shop.","url":"http://shop.kartshop-xl.de/index.php/cat/c86_bremsscheiben-bremsscheiben.html/xtcsid/378624df2cb2422cf3eb9951d1229fee"}}},{"_index":"de_content_201410","_type":"resourceQ","_id":"http://connecticum.de/jobboerse/jobs-in-mexiko-stadt-503","_score":1.0, "_source" : {"body":"   Menü Top DE EN Mexiko-Stadt: Aktuelle Jobs Aktuelle Stellenangebote, Praktika, Trainee-Programme, Abschlussarbeiten in Mexiko-Stadt Neue Suche Suche speichern Teilen: Facebook Google+ Twitter Ihre Suchkriterien: Einsatzort: Mexiko-Stadt, Hauptstadtdistrikt, Mexiko 52 Stellenangebote Treffer pro Seite: 10 20 50 100 Seite: 1 / 3 Stellenangebot Unternehmen connecticum Job-Nr SAP Super User - Owner RTR/ BW Data Lead 04.07.2014 Professional-Job Mexiko-Stadt Diageo International 491126 Gerente de Cuentas Clave Regional 02.07.2014 Direkteinstieg, Professional-Job Mexiko-Stadt Roche Arbeitgeberprofil 490612 Ingeniero de Calificacion 02.07.2014 Direkteinstieg, Professional-Job Toluca Roche Arbeitgeberprofil 490618 Quality Assurance Central Laboratory Supervisor 01.07.2014 Professional-Job Guadalajara Philip Morris International 489790 Deutschlands große Karriere- und Recruitingmesse connecticum 2015, 5. bis 8. Mai, Berlin. Eintritt frei! Jetzt das kostenlose Infopaket anfordern! Trade Marketing Manager 30.06.2014 Professional-Job Mexiko, Mexiko-Stadt Adidas Arbeitgeberprofil 490548 Gerente de Producto Mabthera 26.06.2014 Direkteinstieg, Professional-Job Mexiko-Stadt Roche Arbeitgeberprofil 477631 Kam Access Manager for IMSS and ISSSTE 26.06.2014 Professional-Job Mexiko-Stadt Roche Arbeitgeberprofil 488671 Especiailsta de Producto Quimica - Clínica 24.06.2014 Direkteinstieg, Professional-Job Mexiko-Stadt Roche Arbeitgeberprofil 486869 Talent Engagement Manager 19.06.2014 Professional-Job Mexiko-Stadt Diageo International 485390 Core Expansion Brands & Shopper CP 19.06.2014 Professional-Job Mexiko-Stadt Diageo International 485389 Whisky Portfolio ABM 19.06.2014 Professional-Job Mexiko-Stadt Diageo International 485388 Decision Support Analyst 19.06.2014 Professional-Job Mexiko-Stadt Diageo International 485387 Luxury & Luxury Innovation CP Mgr 19.06.2014 Professional-Job Mexiko-Stadt Diageo International 485386 T10 / Ketel / BB Brand Assistant 19.06.2014 Professional-Job Mexiko-Stadt Diageo International 485385 Innovation Brand Manager 18.06.2014 Professional-Job Mexiko-Stadt Diageo International 485400 Supervisor de Servicios (Energia) 11.06.2014 Professional-Job Guadalajara Philip Morris International 482183 Coordinator Information & Reporting 11.06.2014 Professional-Job Guadalajara Philip Morris International 482182 Media Manager 10.06.2014 Professional-Job Mexiko-Stadt Diageo International 480467 Finance Controller 10.06.2014 Professional-Job Mexiko-Stadt Diageo International 480466 Wal-Mart Team Leader 09.06.2014 Professional-Job Mexiko-Stadt Diageo International 480475 52 Stellenangebote Treffer pro Seite: 10 20 50 100 Seite: 1 / 3 Neue Suche Suche speichern Teilen: Facebook Google+ Twitter connecticum Jobbörse WIWIINGIT Die beliebtesten Suchen: Praktikum in Berlin Praktikum in Dresden Praktikum in Düsseldorf Praktikum in Frankfurt Praktikum in Hamburg Praktikum in Hannover Praktikum in Karlsruhe Praktikum in Köln Praktikum in Leipzig Praktikum in München Praktikum in Stuttgart Studenten-Job in Berlin Studenten-Job in Dresden Studenten-Job in Düsseldorf Studenten-Job in Frankfurt Studenten-Job in Hamburg Studenten-Job in Leipzig Studenten-Job in München Studenten-Job in Stuttgart Bachelorarbeit in Berlin Bachelorarbeit in Hamburg Bachelorarbeit in Ingolstadt Bachelorarbeit in München Bachelorarbeit in Stuttgart Bachelorarbeit in Wolfsburg Trainee-Job in Berlin Trainee-Job in Hamburg Trainee-Job in Hannover Trainee-Job in München Trainee-Job in Stuttgart zum Suchformular » Nicht zufrieden mit den Suchergebnissen, warum nicht? Senden » Kopie an mich senden Antwort auf das Feedback erhalten connecticum Jobbörse Heute: 37.679 Jobs Alle Filter löschen Einsatzort: Mexiko-Stadt, Hauptstadtdistrikt, Mexiko Trefferliste per E-Mail senden Trefferliste abonnieren (RSS) Volltext Bitte mindesten 3 Zeichen eingeben! Einsatzort Alle Angebote nur in Deutschland nur außerhalb von Deutschland Ortssuche Umkreis 5 km 10 km 25 km 50 km 75 km 100 km 150 km 200 km Beschäftigungsarten Praktikum Studentenjobs Abschlussarbeit Wissenschaftliche Stelle Lehrtätigkeit Studium/Promotion Traineeprogramm Direkteinstieg Professional-Job Studienbereiche WIWI ING IT NAWI Sonst Alle allg. Wirtschaftswissenschaften Betriebswirtschaftslehre Business Administration BWL BWL-Banken BWL-Consulting BWL-Controlling BWL-Finanzen BWL-Handel BWL-Immobilien BWL-Marketing BWL-Personal BWL-Produktion BWL-Rechnungswesen BWL-Steuern BWL-Touristik BWL-Versicherungswirtschaft Dienstleistungsmanagement Facility Management Gesundheitsökonomie International Business International Management Kommunikationswissenschaft Logistik Medienwirtschaft-Medienmanagement Public Management Rechtswissenschaften Sicherheitsmanagement Sportökonomie Umweltmanagement Verwaltungswissenschaften Volkswirtschaftslehre Wirtschaftsinformatik Wirtschaftsingenieurwesen Wirtschaftskommunikation Wirtschaftsmathematik Wirtschaftspädagogik Wirtschaftspsychologie Wirtschaftsrecht Alle Abfallwirtschaft Allg. Ingenieurwissenschaften Architektur Augenoptik Automatisierungstechnik Bauingenieurwesen Bohrtechnik Chemieingenieurwesen Chemieverfahrenstechnik Elektrische Energietechnik Elektronische Gerätetechnik Elektrotechnik Energietechnik Fahrzeugelektronik Fahrzeugtechnik Feinwerktechnik Fertigungs-/Produktionstechnik Gebäudetechnik Gesundheitstechnik Getränketechnologie Gießereitechnik Glastechnik-Keramik Holz- und Fasertechnik Holztechnik Innenarchitektur Konstruktionstechnik Kunststofftechnik Laser- und Optotechnologie Lebensmitteltechnologie Life Science Engineering Luft- und Raumfahrttechnik Maschinenbau Mechatronik Medientechnik Medizintechnik Mess-Steuer-Regelungstechnik Metalltechnik Mikroelektronik Mikrosystemtechnik Nachrichtentechnik Optik Optoelektronik Pharmatechnik Physikalische Technik Pneumatik Qualitätssicherung Regenerative Energien Schienenverkehrstechnik Schiffbau-Schiffstechnik Sicherheitstechnik Stahlbau Technische Gebäudeausrüstung Technische Kybernetik Technische Redaktion Textil- und Bekleidungstechnik Transport-/Fördertechnik Umwelttechnik Verfahrenstechnik Verkehrsingenieurwesen Vermessungswesen Verpackungstechnik Versorgungstechnik Wasserbau, Wasserwirtschaft Werkstoffwissenschaften Wirtschaftsingenieurwesen Alle Bioinformatik Computerlinguistik Informatik Informationstechnik Ingenieurinformatik Kommunikationstechnik Medieninformatik Medizinische Informatik Softwareentwicklung Technische Informatik Telematik Umweltinformatik Wirtschaftsinformatik Alle Astrophysik Biochemie Biologie Biotechnologie Chemie Geographie-Geowissenschaften Kerntechnik-Kernverfahrenstechnik Lebensmittelchemie Mathematik Naturwissenschaften allg. Pharmazie Physik Statistik Technomathematik Alle Agrar-Forst-Ernährungswissenschaften Ernährungswissenschaften-Ökotrophologie Erziehungswissenschaften Ethik Garten- und Landschaftsbau Germanistik Geschichte Gesundheitspädagogik Humanmedizin Journalistik Kommunikationsdesign Kunst, Kunstwissenschaft Landschaftsnutzung-Naturschutz Pädagogik Philosophie Politikwissenschaften Psychologie Publizistik Sonstiges Sozialwissenschaften Soziologie Sport Sprach-/Kulturwissenschaften Veterinärmedizin Wald und Umwelt Sprachen Jobbeschreibung Deutsch Englisch Französisch Italienisch Spanisch Polnisch Dänisch Schwedisch Tschechisch Finnisch Niederländisch Rumänisch Ungarisch Slowakisch Slowenisch Portugiesisch Chinesisch Türkisch Russisch Norwegisch Hebräisch Thailändisch Kroatisch Japanisch Indonesisch Mehr Sprachen Unternehmen Adidas Bayer Bloomberg L.P. Diageo International Henkel AG & Co. KGaA IBM International PayPal Philip Morris International Roche Mehr Unternehmen weitere Filter auswählen oder   Jobmesse Auf einen Blick Unternehmen 2014 Die Unternehmen 2014 Vorträge & Events 2014 Arbeitgeber für Wirtschaftswissenschaftler Arbeitgeber für Ingenieure Arbeitgeber für Informatiker Arbeitgeber für Naturwissenschaftler Unternehmen mit Praktika Unternehmen mit Studentenjobs Unternehmen mit Abschlussarbeiten Unternehmen mit Traineeprogrammen Unternehmen für Berufseinsteiger Unternehmen für Professionals Für Besucher Überblick Die Unternehmen Infopaket Checkliste Tipps zum Messebesuch Teilnahmescheinigung Join the Crew 2015 Für Arbeitgeber Überblick Ausstellerreferenz Teilnahmeunterlagen Impressionen Fotos Videos Adresse und Anreise Adresse und Anreise Deutsche Bahn Hotels Hostels Jobbörse Jobsuche Praktikum Alle Praktika Praktikum Berlin Praktikum Dresden Praktikum Frankfurt Praktikum Hamburg Praktikum Hannover Praktikum Köln Praktikum Leipzig Praktikum München Praktikum Stuttgart Studentenjobs Alle Studentenjobs Studentenjobs Berlin Studentenjobs Dresden Studentenjobs Frankfurt Studentenjobs Hamburg Studentenjobs Hannover Studentenjobs Köln Studentenjobs Leipzig Studentenjobs München Studentenjobs Stuttgart Abschlussarbeit Alle Abschlussarbeiten Bachelorarbeit im Unternehmen Masterarbeit im Unternehmen Traineeprogramm Alle Traineeprogramme Traineeprogramm Berlin Traineeprogramm Dresden Traineeprogramm Frankfurt Traineeprogramm Hamburg Traineeprogramm Hannover Traineeprogramm Köln Traineeprogramm Leipzig Traineeprogramm München Traineeprogramm Stuttgart Festanstellung Direkteinstieg Professionals Jobs veröffentlichen Karrierefutter News 100-Tage-Übersicht Karriere Wettbewerbe Freizeit Termin vorschlagen Karrierefragen Alle Fragen Fragen Fragen zum Thema Praktikum Fragen zum Thema Bewerbung Fragen zum Thema Messevorbereitung Fragen zum Thema Hochschule Fragen zum Thema Studienzeit Fragen zum Thema Nebenjob Fragen zum Thema Berufseinstieg Login Socialize: Facebook Google+ Twitter Newsletter RSS-Feeds DE EN Sie sind hier: connecticum.de Jobbörse Diese Seite teilen: Facebook Google+ Twitter Info-Channels Facebook YouTube Google+ Twitter Praktika Studentenjobs Abschlussarbeiten Traineestellen Newsletter für Studenten & Absolventen Newsletter für Unternehmen & Recruiter Infopaket für Studenten & Absolventen Infos zur Messe-Buchung anfordern Themen Praktikum Abschlussarbeit Bachelorarbeit Masterarbeit Trainee Kontakt connecticum GmbH Bundesallee 86, 12161 Berlin DEUTSCHLAND Team-Fon: (+49 30) 85 96 20 05 Team-Fax: (+49 30) 85 96 39 95 E-Mail: info@connecticum.de Internet: www.connecticum.de Feedback Werbemittel & Banner Sitemap Login Presse Hauptmedienpartner der connecticum: UNICUM Datenschutz · Impressum · © 1997-2014 connecticum GmbH ","title":"Mexiko-Stadt - Jobs in Mexiko-Stadt","desc":"Aktuelle Jobs, Praktika, Trainee-Programme, Abschlussarbeiten in Mexiko-Stadt. Alle Stellen-Angebote finden Sie auf www.connecticum.de/Jobboerse","details":{"length":10364,"language":"de","date":"2014/10/31 16:18:41","type":"text/html","country":""},"crawling":{"duration":"1","date":"2014/10/31 16:18:41"},"metas":[{"name":"viewport","value":"width=device-width, initial-scale=1.0, maximum-scale=1.0, user-scalable=0"},{"name":"description","value":"Aktuelle Jobs, Praktika, Trainee-Programme, Abschlussarbeiten in Mexiko-Stadt. Alle Stellen-Angebote finden Sie auf www.connecticum.de/Jobboerse"},{"name":"keywords","value":"Mexiko-Stadt, Jobs, Praktika, Trainees, Abschlussarbeiten"},{"name":"robots","value":"index,follow,noodp"},{"name":"twitter:card","value":"summary"},{"name":"twitter:site","value":"connecticum"},{"name":"og:type","value":"website"},{"name":"og:site_name","value":"connecticum"},{"name":"og:title","value":"Mexiko-Stadt - Jobs in Mexiko-Stadt"},{"name":"og:url","value":"http://www.connecticum.de/Jobboerse/Jobs-in-Mexiko-Stadt-503"},{"name":"og:description","value":"Aktuelle Jobs, Praktika, Trainee-Programme, Abschlussarbeiten in Mexiko-Stadt. Alle Stellen-Angebote finden Sie auf www.connecticum.de/Jobboerse"}],"uri":{"protocol":"http","domain":"de.connecticum.","url":"http://connecticum.de/jobboerse/jobs-in-mexiko-stadt-503"}}},{"_index":"de_content_201410","_type":"resourceQ","_id":"http://wg-albig24.de/cgi-bin/main.pl?c=start&m=s&u=2641931u1403451472371672207","_score":1.0, "_source" : {"body":" Startseite| Homepage der Winzergenossenschaft| AGBs| Impressum| Wie bestelle ich? Unsere Weine Weißwein - trocken - halbtrocken / feinherb - lieblich Rotwein - trocken - halbtrocken / feinherb - lieblich Weißherbst & Rosé - trocken - halbtrocken / feinherb - lieblich Edelsüße Raritäten - Weißwein Winzersekt & Perlwein Winzersekt - extra trocken - Brut - halbtrocken Winzersecco - weiß & rot Spezialitäten Traubensaft - weiß & rot Köstliche Albiger Sommerweine zum Entspannen und Genießen ... Liebe Weinfreunde, der Sommer macht das Leben leicht! Ab sofort haben Sonne, Urlaub, mediterrane Küche und gute Laune Hochsaison. Genießen Sie den Sommeranfang und holen Sie sich die passenden Weine dazu – der nächste Grillabend, das erste Sommerfest oder ein spannendes Fußballspiel kommen bestimmt. Eine willkommene Erfrischung bieten Ihnen unsere fruchtig-leichten Weine aus dem spannenden Jahrgang 2013: - 2013er Rivaner Qualitätswein trocken - 2013er Weißburgunder Qualitätswein trocken - 2013er Silvaner Qualitätswein trocken - 2013er Portugieser Weißherbst Qualitätswein trocken Vergnügen Sie sich mit diesen köstlichen Tropfen, gut gekühlt auf 8° - 10°C ist Ihnen wahrer Trinkspaß garantiert. Wir wünschen Ihnen einen wunderschönen Sommer und freuen uns auf Ihre Bestellung. Ihre Winzergenossenschaft Albig eG 2013er Rivaner Qualitätswein trocken Albiger Schloß Hammerstein Alk. 12,0, RZ 5,7, Sr. 5,8 Bestell-Nr: 10 Preis pro 0,75 l-Flasche: 3,75 € (€/Liter: 5,00, Preis inkl. MwSt. zuzügl. Versandkosten) Lieferung innerhalb Deutschlands ab 60 Flaschen frei Haus. Menge: Flasche(n) in den Warenkorb legen     Warenkorb anzeigen 2013er Weißburgunder Qualitätswein trocken Albiger Hundskopf Idealer Begleiter zu hellen Speisen Alk. 12,5, RZ 7,7, Sr. 5,9 Bestell-Nr: 12 Preis pro 0,75 l-Flasche: 4,25 € (€/Liter: 5,67, Preis inkl. MwSt. zuzügl. Versandkosten) Lieferung innerhalb Deutschlands ab 60 Flaschen frei Haus. Menge: Flasche(n) in den Warenkorb legen     Warenkorb anzeigen 2013er Silvaner Qualitätswein trocken Albiger Hundskopf Ein jugendlich-spritziger Rheinhessen-Silvaner, sehr saftig mit frischen Aromen von gelben Früchten – einfach lecker! Alk. 11,0, RZ 5,4, Sr. 6,3 Bestell-Nr: 13 Preis pro 0,75 l-Flasche: 3,95 € (€/Liter: 5,27, Preis inkl. MwSt. zuzügl. Versandkosten) Lieferung innerhalb Deutschlands ab 60 Flaschen frei Haus. Menge: Flasche(n) in den Warenkorb legen     Warenkorb anzeigen 2013er Portugieser Weißherbst Qualitätswein trocken Albiger Schloß Hammerstein unser frischer Rosé, feinwürzig mit animierenden Erdbeer- und Himbeeraromen Alk. 12,0, RZ 8,2, Sr. 6,3 Bestell-Nr: 51 Preis pro 0,75 l-Flasche: 3,75 € (€/Liter: 5,00, Preis inkl. MwSt. zuzügl. Versandkosten) Lieferung innerhalb Deutschlands ab 60 Flaschen frei Haus. Menge: Flasche(n) in den Warenkorb legen     Warenkorb anzeigen Artikelsuche: Weinnr. / Suchbegriff suchen Kunden-Login zur Kasse Warenkorb anzeigen Winzergenossenschaft Albig eG Langgasse 11, 55234 Albig, Tel.: 06731/8126, Fax: 06731/9969855 Information zur Zahlung und Lieferung   Zahlungsmöglichkeiten Sie haben bei uns folgende Zahlungsmöglichkeiten: Kauf auf Rechnung (wenn Sie bereits Kunde bei uns sind) Vorkasse   Lieferzeit Die Lieferzeit beträgt in der Regel 3-5 Arbeitstage   ","title":"\nWein Portugieser Weißherbst Qualitätswein trocken,\n        ","desc":null,"details":{"length":3246,"language":"de","date":"2014/10/31 16:18:42","type":"text/html","country":""},"crawling":{"duration":"1","date":"2014/10/31 16:18:42"},"metas":[{"name":"author","value":"Volker Rengstorf"},{"name":"date","value":""},{"name":"Description","value":""},{"name":"keywords","value":"wein, weine, versand, preis-, jubilus, cuvée, hundskopf-, scheurebe"},{"name":"revisit-after","value":"30 days"},{"name":"robots","value":"follow"}],"uri":{"protocol":"http","domain":"de.wg-albig24.","url":"http://wg-albig24.de/cgi-bin/main.pl?c=start&m=s&u=2641931u1403451472371672207"}}},{"_index":"de_content_201410","_type":"resourceQ","_id":"http://kjs-bielefeld.de/inhalt/kjs-bielefeld/djv/img/img/rwj_titel.jpg?termin=2834","_score":1.0, "_source" : {"body":" Datenschutz Achtung! Es werden auch unpublizierte Inhalte testweise ausgegeben. Diese Inhalte können nur Sie auf diesem Rechner sehen. Sie sind nicht im Internet veröffentlicht.  Um die unpublizierten Inhalte auszublenden, klicken Sie auf der Kontinent-Startseite unter 'Unpublizierte Inhalte werden angezeigt.' auf 'ausblenden'. Kreisweites Bläsertreffen Freundschafts-Treffen Kreisweites Bläsertreffen am 29.06.2014 ab 11:00 Uhr in Schermbeck Mitgliederlogin Bitte geben Sie Ihre Mitgliedsnummer und Ihr persönliches Passwort ein: (beim ersten Login ist Ihre PLZ Ihr Passwort, dann dieses bitte ändern) Mitgliedsnummer Passwort Passwort vergessen? Passwortanforderung Wir senden Ihnen einen Link zum Zurücksetzen des Passworts an die in der Datenbank gesicherte und hierunter angegebene Emailadresse zu. Email-Adresse Zurück zur Anmeldung Kreisjägerschaften und Hegeringe im LJV Aktuelle Termine 10.07. *** Welpenspieltag Welpenspieltage für Jagdhunderassen 10.07. *** Welpenspieltag Welpenspieltage für Jagdhunderassen 10.07. *** Welpenspieltag Welpenspieltage für Jagdhunderassen 09.07. bis 12.07. Landesmeisterschaft im jagdlichen Schießen 2014 Landesmeisterschaft im jagdlichen Schießen 2014 vom 09.-12.07.2014 auf dem Schießstand der Jagdparcours Buke GmbH 08.07. Hegering Juli Hegeringabend 12.07. Kreismeisterschaft im jagdlichen Schießen 10.07. Welpenspieltag Welpenspieltage für Jagdhunderassen 07.07. Jägerstammtisch in Ederen Stammtisch im Hegering Jülicher Land (Linnich-Ederen) 07.07. Jägerstammtisch in Titz-Rödingen Stammtisch im Hegering Jülicher Land (Titz-Rödingen) 12.07. Preisschießen mit Vereinswaffe ab 14.00 Uhr 12.07. Schießen im Jagdschießcenter Xanten 07.07. HR Dornberg Hegeringsabend auf dem Schürbusch. 10.07. Hegeringabend 09.07. bis 12.07. Landesmeisterschaft 07.07. bis 19.07. Kinderstadt 07.07. bis 19.08. Sommerferien 07.07. bis 19.08. Sommerferien © Landesjagdverband Nordrhein-Westfalen e. V. • Gabelsbergerstraße 2 • 44141 Dortmund • Tel.: 0231/2868-600 • Fax: 0231/2868-666 ","title":" | ","desc":null,"details":{"length":2015,"language":"de","date":"2014/10/31 16:18:42","type":"text/html","country":""},"crawling":{"duration":"1","date":"2014/10/31 16:18:42"},"metas":[{"name":"viewport","value":"width=device-width, initial-scale=1, maximum-scale=1"},{"name":"description","value":""},{"name":"author","value":""},{"name":"keywords","value":""}],"uri":{"protocol":"http","domain":"de.kjs-bielefeld.","url":"http://kjs-bielefeld.de/inhalt/kjs-bielefeld/djv/img/img/rwj_titel.jpg?termin=2834"}}},{"_index":"de_content_201410","_type":"resourceQ","_id":"http://schmuck-michel.de/ring-silber-925-peridot-4230-p-1302.html?oscsid=0a2bfc8381f5351d17049f5992910534","_score":1.0, "_source" : {"body":"      <\\/a> Ihr Konto  |  Warenkorb  |  Kasse       Home » Silberschmuck » Ringe » Ring Silber 925 Peridot (4230) Kategorien Goldschmuck Anhänger Armbänder Ohrhänger, Clips und Creolen Ohrstecker Ringe Sets Broschen und Nadeln Silberschmuck Anhänger Armbänder Ohrhänger, Clips, Creolen Ohrstecker Ringe Sets Broschen und Nadeln Unikate Neue Produkte Anhänger Silber 925 mit 2 großen Larimar-Tropfen (1011-9) 75.00 EUR Informationen Liefer- und  Versandkosten Privatsphäre  und Datenschutz Unsere AGB's Widerrufsrecht Impressum Kontakt Messetermine Ring Silber 925 Peridot (4230) - 4230RS9PD - Ringe 62.00 EUR [inkl. 19% MwSt zzgl. Versandkosten]   Für eine grössere Darstellung klicken Sie auf das Bild.   Topaktueller Chic Auffallend schön ist  dieser stylische Ring mit funkelndem Peridot in moderner glänzender Silberfassung.   Material : Silber 925/-; garantiert nickelfrei und anlaufgeschützt Maße: Ringkopf: 10x9 mm ; Ringschiene:6,5 mm  Edelstein: 1 Peridot Steingröße und Form:  8x6 mm oval Steinfarbe und Qualität: leuchtendes Grün,   schöne Steinqualität Besonderheiten :    schöne Ringschiene Bedingt durch die Natur der Edelsteine kann es zu Abweichungen in Farbe und Struktur der Steine kommen, was aber die Individualität der Schmuckstücke erhöht Optionen: Ringgröße: 50 (15,9 mm Ø) 51 (16,2 mm Ø) 52 (16,6 mm Ø) 53 (16,9 mm Ø) 54 (17,2 mm Ø) 55 (17,5 mm Ø) 56 (17,8 mm Ø) 57 (18,1 mm Ø) 58 (18,4 mm Ø) 59 (18,8 mm Ø) 60 (19,1 mm Ø) 61 (19,4 mm Ø) (+6.00 EUR) 62 (19,7 mm Ø) (+6.00 EUR) 63 (20,0 mm Ø) (+8.00 EUR) 64 (20,3 mm Ø) (+8.00 EUR) 65 (20,7 mm Ø) (+8.00 EUR) Bookmark diese Seite bei:   Haben Sie eine Frage zu diesem Produkt? Produkt  198 von 273 der Kategorie Ringe Kunden, die dieses Produkt gekauft haben, haben auch folgende Produkte gekauft: Anhänger Silber 925 Lapis lazuli (1000) Ohrhänger Silber 925 Lapis lazuli (1000) Ring Silber 925 Lapis lazuli 10x7 mm (1001) Warenkorb 0 Produkte Ihre Bestellung ist innerhalb Deutschlands versandkostenfrei! Benachrichtigungen Benachrichtigen Sie mich über Aktuelles zu diesem Artikel Ring Silber 925 Peridot (4230) Weiterempfehlen   Empfehlen Sie diesen Artikel einfach per eMail weiter. Bewertungen Bewerten Sie dieses Produkt!   Samstag, 05. Juli 2014     1773440 Zugriffe seit Freitag, 14. Mai 2010   Copyright © 2014 Schmuck Michel Powered by osCommerce Realisation CBIT SYSTEMS ","title":"Ring Silber 925 Peridot 4230 - 4230RS9PD - Ringe - Silberschmuck -   Topaktueller Chic Auffallend","desc":"Ring Silber 925 Peridot 4230 , 4230RS9PD, Ringe, Silberschmuck,   Topaktueller Chic Auffallend schön ist   dieser stylische Ring mit funkelndem Peridot in moderner glänzender Silberfassung .   Material Silber 925 - garantiert nickelfrei und anlaufgeschützt Maße...","details":{"length":2355,"language":"de","date":"2014/10/31 16:18:42","type":"application/xhtml+xml","country":""},"crawling":{"duration":"1","date":"2014/10/31 16:18:42"},"metas":[{"name":"description","value":"Ring Silber 925 Peridot 4230 , 4230RS9PD, Ringe, Silberschmuck,   Topaktueller Chic Auffallend schön ist   dieser stylische Ring mit funkelndem Peridot in moderner glänzender Silberfassung .   Material Silber 925 - garantiert nickelfrei und anlaufgeschützt Maße..."},{"name":"keywords","value":"ring,silber,peridot,4230rs9pd,ringe,silberschmuck, ,topaktueller,chic,auffallend,schön,stylische,funkelndem,moderner,glänzender,silberfassung,material,garantiert,nickelfrei,anlaufgeschützt,maße,ringkopf,10x9,mm,ringschiene,mm ,edelstein,steingröße,form,8x6"}],"uri":{"protocol":"http","domain":"de.schmuck-michel.","url":"http://schmuck-michel.de/ring-silber-925-peridot-4230-p-1302.html?oscsid=0a2bfc8381f5351d17049f5992910534"}}},{"_index":"de_content_201410","_type":"resourceQ","_id":"http://flirtinserat.de/profile/fanni_1976/foto","_score":1.0, "_source" : {"body":" Home | Anmelden | Einloggen   fanni 1976 Allgemein | Nachricht schreiben | Foto Zurück Nachricht schreiben   fanni 1976 - 37 J Frau aus Uelzen Aussehen Status: Single Figur: normal Körpergröße: 1.70 m Gewicht: 60 kg Haarfarbe: blond Aufgenfarbe: braun Sternzeichen: Steinbock Sprachen: Englisch, Deutsch Raucher: Nichtraucher Ausbildung: Ausbildung Beschäftigung: Arbeite Bilder Bilder in Großformat werden erst nach deiner Anmeldung dargestellt         Copyright © 2007 Flirtinserat.de ","title":"Flirtinserat.de - Fotos von fanni 1976 aus Uelzen","desc":"Hier finden Sie . City Nette Frauen Hübsche Mädchen Single Party Voten Dating Parties Schöne Girls Single Girl.","details":{"length":488,"language":"de","date":"2014/10/31 16:18:39","type":"text/html","country":""},"crawling":{"duration":"1","date":"2014/10/31 16:18:39"},"metas":[{"name":"description","value":"Hier finden Sie . City Nette Frauen Hübsche Mädchen Single Party Voten Dating Parties Schöne Girls Single Girl."},{"name":"language","value":"de"}],"uri":{"protocol":"http","domain":"de.flirtinserat.","url":"http://flirtinserat.de/profile/fanni_1976/foto"}}},{"_index":"de_content_201410","_type":"resourceQ","_id":"http://klub-kultur.de/dresden/user.php?action=profile&id=18012","_score":1.0, "_source" : {"body":" HOME Dresden Leipzig Berlin Lausitz NRW Köln München COMMUNITY Anmelden Mitglieder Usersuche Wer ist online? User Zapping Benutzercenter KALENDER Partys & Events Veranstalterlogin FOTOS Neuste Galerien Fotografen LIFESTYLE Musik Kino & DVD Gastroguide Shopping Sport Freizeit Splitter SERVICE Suche Mediadaten Jobs Team Klubkultur FM Kontakt Impressum 30.06.2014 - 17:57:47  ::.   CLICK CLACK - OPEN AIR 2014 05.06.2014 - 18:24:52  ::.   Rundance - Lauferlebnis mit Live DJ Sound! 08.10.2009 - 23:27:40  ::.   Praktikum bei klub-kultur.de 30.09.2009 - 01:38:53  ::.   Feiern, tanzen, fotografieren - Scouts gesucht « » MEIN KLUBKULTUR JOBS & PRAKTIKA MUSIKPARK DRESDEN VERANSTALTER ZUGANG Achtung! Du benutzt einen 8 Jahren alten Browser!!! Diese Browser stellt ein hohes Sicherheitsrisiko dar, außerdem werden viele neue Internetseiten nicht ordnungsgemäß dargestellt! Wir empfehlen dringends ein neuen Internetbrowser zu installieren!            432 User online E+E Entertainment aus 01*** Dresden 14 Jahre seit 625 Tagen dabei Kurdy aus 01*** Coswig 26 Jahre seit 1629 Tagen dabei cg50 aus 01*** Dresdeb 21 Jahre seit 4 Tagen dabei Mehr Onlineuser Anmelden leckerli (34 Jahre) kommt aus Dresden Mir geht's gut... Profilbesucher heute: keine Profilaufrufe gesamt: 683 Zuletzt aktiv: 11.08.2010 - 16.08 Uhr Kommentare: 0 Seit 1436 Tagen dabei      » User-Profil anzeigen                                       »Weiterzappen! Kennst Du schon folgende Mitglieder? Suchst Du nach alten Schulfreunden oder neuen Freunden zum Party machen? Dann benutze die Detailsuche, da kannst Du nicht nur nach Usernamen, sondern sogar nach dem echten Namen suchen. Probiers doch einfach mal aus! ;-) Service Kontakt Impressum & Datenschutz Werbung Mediadaten FAQ Klub-Kultur Corporate Jobs Partner Surftipps AGBs Dienste Community Veranstaltungskalender Veranstalter-Login Fotos Mobile Version   © 2010 by klub-kultur.de ANGEZEIGTE REGION:    .::  DRESDEN ::.        » Region wechseln? WAS SUCHST DU? Anzeige ","title":"DRESDEN :: Benutzerprofil - Veranstaltungen und Partys in DRESDEN ","desc":"KLUB-KULTUR.DE - Benutzerprofil :: Veranstaltungen und Partys in DRESDEN!! Deine First-Class Partycommunity! Jetzt mit RADIOSTREAM powered by BIGCITYBEATS.DE","details":{"length":1993,"language":"de","date":"2014/10/31 16:18:40","type":"application/xhtml+xml","country":""},"crawling":{"duration":"1","date":"2014/10/31 16:18:40"},"metas":[{"name":"google-site-verification","value":"g1ng08RwXGFE055rbMNdMKAKPFZYd2TtWKZD2TEEpv0"},{"name":"alexaVerifyID","value":"UOA3zWpdnR8onKPydJ0zljNwAww"},{"name":"title","value":" DRESDEN::  Benutzerprofil :: Klub-Kultur.de - Veranstaltungen und Partys in DRESDEN!! Deine First-Class Partycommunity! Jetzt mit RADIOSTREAM powered by BIGCITYBEATS.DE "},{"name":"author","value":"Klub-Kultur.de"},{"name":"publisher","value":"UPDESIGN.DE - Kommunikation & Werbung"},{"name":"copyright","value":"Creative Kings"},{"name":"language","value":"de"},{"name":"page-topic","value":"Party"},{"name":"audience","value":"Alle"},{"name":"robots","value":"INDEX,FOLLOW"},{"name":"description","value":"KLUB-KULTUR.DE - Benutzerprofil :: Veranstaltungen und Partys in DRESDEN!! Deine First-Class Partycommunity! Jetzt mit RADIOSTREAM powered by BIGCITYBEATS.DE"},{"name":"keywords","value":"Events , Partys, Umgebung, Community, Deutschland, Party, Eventkalender, Partypics, Fotos, Partybilder, Freikarten, Konzerte, klubkultur, Dresden, DD, Sachsen, Nightlife, Nachtleben, Veranstaltungen, Event, Events, Szene, Konzert, kulturell, freikarten, Bilder, terminal1, Pier15, Arteum, Washroom, beach, club, disco, disko, discothek, diskotetk, techno, black, house, wave, schlager, kult, 80er, 90er, hits, beat, love, sonne, sommer, parkhotel, windbergarena, bowleparty, disco dice, eventwerk, fahrenheit 100, pier 15, puro, purobeach, citybeach, showboxx, filmnächte, tanz, tanzen, rocken, fest, open air, indoor, outdoor, partygirls, ladys, piroyal, pirna, chillout, elbepark, cafe, bar, restaurante, shopping, style, mag, maganzine, shop, strasse e, Samstag, gay, sunshine live, pool, sunset, neustadt, city, skaten, freizeit, Benutzerprofil "},{"name":"abstract","value":"Veranstaltungen und Partys in DRESDEN DRESDEN » Benutzerprofil"},{"name":"revisit-after","value":"1 days"}],"uri":{"protocol":"http","domain":"de.klub-kultur.","url":"http://klub-kultur.de/dresden/user.php?action=profile&id=18012"}}},{"_index":"de_content_201410","_type":"resourceQ","_id":"http://forum.unity-community.de/topic/6637-eine-stadt-mit-hausern/page__p__49020","_score":1.0, "_source" : {"body":" Zum Inhalt wechseln Anmelden Registrieren Unity Insider Forum Magazin Forums Members Calendar Blogs Unity Insider Forum Unity Support Scripting Neue Inhalte Suchen Erweitert Suchbereich: in diesem Thema in diesem Forum Forums Members Help Files Calendar Blogs Change 1 Eine Stadt mit Häusern... Started by Keinstein, 05. Jan 2014 11:06 Uhr Antworten nicht möglich Go to first unread post 7 replies to this topic #1 Keinstein Geschrieben 05. Januar 2014 - 11:06 Uhr Member Members 11 Beiträge: Hallo, also ich habe folgende Ausgangslage: Für mein 2d-Spiel habe ich eine Stadt, die ist aktuell nur eine weisse Fläche, darauf platziere ich div. Häuser wie eine Schmiede ein Schreiner usw. Jedes der Objekte ist ein eigenes Prefab mit eigenem Skript. Die Stadt besitzt Rohstoffe wie Holz, Metal und Gold usw. die div. Gebäude sollen von der Stadt rohstoffe kaufen um daraus Items zu bauen. So, nun möchte ich ein allgemeines Hud in das Stadtobjekt einbauen, dieses soll aber zb. vom Skript der Schmiede aufrufbar sein: Der spieler läuft zur Schmiede, drück Space, dann geht das Fenster auf und liefert Daten aus der Schmiede, verohandene Waffen usw. Das selbe natürlich bei anderen Gebäuden. Also das Gebäude sagt der Stadt: mach dein Fenster auf und verwende meine Infos. Wie löse ich das ganze möglichst sauber und performant ? Kann man da was via Parrent/Child deichseln ? Oder auf SendMessage zurückgreifen ? Denke ich eventuel zuweit und es geht auch simpler ? Das ganze soll später nicht nur mit einer vordefinierten sondern auch mit einer zufällig erstellten Stadt klappen. Tjoa, ich hoffe mal dass mir da wieder einer von euch helfen kann, bis dahien bastel ich mal wieder selber was rum und schaue was passiert. Nach oben #2 dschems Geschrieben 05. Januar 2014 - 11:32 Uhr Advanced Member Members 124 Beiträge: Du könntest eine Oberklasse erstellen von der deine Häuser erben, da schreibst du dann deine GUI Funktion rein. Nach oben #3 Keinstein Geschrieben 05. Januar 2014 - 11:47 Uhr Member Members 11 Beiträge: Stimmt, das war eigentlich sogar mein urspünglicher Plan, irgendwas brachte mich davon ab, ich weiss nur nicht mehr was. Jene die ich dann auf die Prefabs ziehe, müssen aber von \"MonoBehaviour\" erben, oder nicht ? Edit: Was mir auch noch durch den Kopf ging, war die Möglichkeit einfach in jede Gebäudeklasse eine eigene GUI-funktion zu basteln. Dies kommt mir aber irgendwie unschön vor und ist wohl nicht die beste Lösung. Edit2: So, hab mir die Sache der Oberklasse nochmal überlegt, klingt eigentlich wirklich sinnig. Nur muss ich halt sicherstellen dass die Oberklasse die richtigen Variablen bezieht, weil ich ja mehr als eine Stadt haben werde die jeweils eigene Gebäude haben. Wie geh ich das am besten an ? Die GUI funktion der Oberklasse via Void ansteuern und die Daten mit geben ? Bin auch immernoch für alternative Einfälle offen. Nach oben #4 Keinstein Geschrieben 06. Januar 2014 - 11:32 Uhr Member Members 11 Beiträge: Mal zum Stand der Dinge, falls das hier noch jemand mitverfolgt. Aktuell halte ich es für zweckdienlich wenn ich einfach die Prefabs der div. Gebäude im Stadtscript als GemaObjekt instanziere. So müsste es ja auch möglich sein dass die Stadt jederzeit neue Gebäude bauen kann. Was mich noch Wurmt ist die Platzierung der Gebäude, gibt es da eine elegante Lösung damit die Gebäude nicht allgemein auf dem Spielfeld sondern auf der Stadfläche spawnen ? Löst man das via Mesh ? Gibt's alternativen ? Edit: Läuft nicht ganz so wie ich will im script des Prefabs ist eine Variable die angibt ob das Menü offen sein soll oder nicht, diese ist vom Char änderbar. Doch der Stadtscript scheint immer die orginalvariable vom Prefab abzufragen, nicht jene der Instanz... Hat jemand eine Vermutung was ich verbockt haben könnte ? Edit 2: Hat sich soweit erledigt, ich musste natrülich ein zweites GameObject anlegen welches dann die Instanz von dem Prefab enthällt. Dieser Beitrag wurde von Keinstein bearbeitet: 07. Januar 2014 - 10:47 Uhr Nach oben #5 Neoxit Geschrieben 18. Januar 2014 - 11:40 Uhr Advanced Member Members 75 Beiträge: Damit Gebäude in deiner Stadtfläche Spawnen würde ich auf jedenfall einen \"Bereichsvektor\" dafür definieren. Leider kann ich mir alles (obwohl du es gut erklärt hast) noch nicht so ganz feststellen wo GENAU dein Problem liegt. MfG Neoxit Nach oben #6 Keinstein Geschrieben 19. Januar 2014 - 14:02 Uhr Member Members 11 Beiträge: Ach, sehr schön dass sich da noch jemand einklinkt. Also die Sache ist die, ich bastle an einer art Rougelike/RPG, in der Spielwelt wird es diverse Städte von diversen Völkern geben, diese sollen ca 4X ähnlich funktionieren und der Spieler kann indirekt einfluss auf die Entwicklung der Städte und Völker nehmen. Also primär durch Handel und auch das erledigen von Aufgaben. Die Städte werden zufällig generiert und in der Spielwelt plaziert. Und ja ich werde für die Gebäude quasi Spawnstellen vordefinieren. Mein grösstes Problem war ursprunglich die Kommunikation zwischen der Stadt als solches und den in ihr vorhandenen Gebäude, dies habe ich mittlewerile so gelöst dass jedes Gebäude als ein Prefab konstruiert ist. Die Stadt instanziert diese jeweils als ein GameObject und kann so auf die Gebäudeskripts zugreifen. Allerdings wird mittlerweile der Skript für die Stadt recht gross, es gibt erst 2 Gebäudearten und die zu verwalten fordert bereits über 500 Zeilen Code. Das ganze ist halt recht komplex, jedes Gebäude verfügt quasi über einen npc mit Skills, ein Fenster für die Interaktion mit dem Spieler sowie eigener Rohstoffverwalltung. Der Holzhacker zb. kauft beim Werkzeugmacher eine Axt wenn seine \"verbraucht\" ist, der Werkzeugmacher wiederum kauft beim Holzhacker Holz ein um seine Werkzeuge zu bauen, bei beiden kann auch der Spieler kaufen und verkaufen. Nun werde ich aber noch viel mehr Gebäude brauchen für weitere Rohstoffe usw. Aktuell läuft soweit alles wie es soll, ich weiss nur nicht ob ich da eventuel bald auf Probleme treffen werde. Zb. zu grosse Klassen, ich weiss nicht wieviel Code ich in eine Packen kann, eventuel werde ich jene die Klasse welche die Stadt als ganzes und deren Wirtschaft verwaltet aufteilen müssen. Weiter weiss ich auch nicht, wie sich mein ganzes Konzept auf die Performance auswirkt. Klar aktuell mit nur einer Stadt die nur 2 Gebäude hat, klappt alles prima, nur wird das auch so sein wenn es plötzlich 50 Städte mit je 8-12 Häusern sind ? Darum habe ich dieses Thema hier erstellt um zu sehen ob jemand alternative Möglichkeiten auf Lager hat sowas umzusetzen. Ich bin noch ein ziemlicher Neuling was Unity angeht und überhaupt verfüge ich über relativ wenig Programmiererfahrung. Nach oben #7 Sid Burn Geschrieben 19. Januar 2014 - 21:37 Uhr Advanced Member Members 350 Beiträge: Von deiner Beschreibung her packst du zu viel Code in einer Klasse. Grundsätzlich sollte eine Klasse so spezifisch wie möglich sein und sich immer nur um eine Sache kümmern. Das Problem ist halt als Anfänger wohl etwas zu sehen wann man eine neue Klasse für etwas erstellt. So wie du momentan vorgehst: Du sprichst ja zum Beispiel von deiner \"Stadt\" also machst du aus deiner ganzen Stadt eine Klasse. Deine Stadt enthält etliche Gebäude also sind auch diese Gebäude alle direkter Bestandteil deiner Stadt und du findest die Logik jedes Gebäudes direkt in der Stadt wieder. So wie man eher vorgehen sollte: Du hast eine Stadt. Dann siehst du das Gebäude \"Holzfäller\". Das Holzfäller Gebäude soll zwar ein Bestandteil deiner Stadt sein. Jedoch ist Holzfäller ein komplett eigenständiges Gebäude. Beispielsweise kann ein Holzfäller Gebäude auch ohne eine Stadt existieren. Auch kannst du viele Holzfäller Gebäude haben. Zum Beispiels mehrere Holzfäller gebäude in einer Stadt. Das was du also tust ist für Holzfäller eine eigene Klasse zu bauen. Ansonsten kannst du das so nun weiter machen. Beispielsweise sagst du das jedes Haus eine eigene Rohstoffverwaltung besitzt. Also baust du eine Klasse die Rohstoffe Verwalten kann. Ansonsten ist auch das wieder allgemein gehalten den es verwaltet \"Rohstoffe\" und nicht es verwaltet \"Holz, Eisen, Kohle\" etc. Deine Rohstoffe selber sollten wieder eine eigene Klasse sein u.s.w. Du musst hier möglichst Abstrakt denken. Dazu kommt noch das du zwar basierend auf das was du tust etwas implementierst. Wenn du also eine Holzfällerhütte hast dann entwickelst du auch eine Klasse für einen Holzfäller. Jedoch musst du manche Sachen ausblenden. Wenn du sagen wir mal sagst das jede Stadt nur einen Holzfäller besitzen darf. Das ist eine gute Begrenzung die du in deinem Spiel machen kannst. Nur bedeutet es nicht das diese Begrenzung irgendwelche Rückschlüße in deinem Code hat. Du baust trotzdem eine Holzfällerhütte als eine eigene Klasse und kannst rein theoretisch einer Stadt beliebig viele Holzfällerhüten zuteilen. Wenn du es jedoch begrenzen willst dann begrenzt du es das nur ein objekt pro stadt existieren darf. Ansonsten ist es etwas schwierig jemanden beizubringen welche Sachen man Abstrakt behandeln soll, und wann man es nicht tut. Zumindest weiß ich kein weg wie man jemanden soetwas generell beibringen kann. Letztendlich musst du hier einfach probieren und Erfahrung sammeln. Zumindest empfehle ich daher meist das Programmieren lieber ganz normal an der CLI (Konsole) zu lernen anstatt direkt in Unity. Weil wenn du es an der CLI tust dann konzentrierst du dich wirklich auf den aufbau von etwas und nicht noch um das Grafische/Visuelle was in diesem Fall dann unrelevant ist. Ansonsten zeige ich dir evtl. noch etwas Code evtl. hilft dir das besser. Nehmen wir als erstes mal die Resource Klasse public class Resource { #region Attributes public string name { get; private set; } public int amount { get; private set; } #endregion #region Constructors public Resource(string name, int amount) { this.name = name; this.amount = amount; } #endregion #region Methods public void AddAmount(int amount) { this.amount += amount; } public int RemoveAmount(int amount) { int ret; if ( HaveAmount(amount) ) { ret = amount; this.amount -= amount; } else { ret = this.amount; this.amount = 0; } return ret; } public bool HaveAmount(int amount) { if ( this.amount >= amount ) return true; return false; } #endregion } Ansonsten hast du damit die Möglichkeit eine Resourde zu verwalten. Wenn du nun Beispielsweise \"Holz\" als Resource verwalten möchtest kannst du nun folgendes schreiben. Resource wood = new Resource(\"Wood\", 0); Wichtig halte ich ansonsten das du \"amount\" nicht direkt bearbeitest. Den die Anzahl sollte direkt von der Resource selber verwaltet werden. Beispielsweise möchtest du wohl nicht das du negative Resourcen hast. Evtl. kann es ja auch sein das du einen maximum wert hinzufügen möchtest. Du kannst dann dementsprechend AddAmount(), RemoveAmount(), HaveAmount() anpassen. Sagen wir du implementierst nun dein Holzfällerlager. Dein Holzfällerlager könnte also nun so aussehen. public class Woodcutter : MonoBehaviour { public float cutterInterval = 30f; public int cutterAmount = 10; public Resource wood; void Awake() { wood = new Resource(\"Wood\", 0); } void Start() { StartCoroutine(WoodCutting()); } IEnumerator WoodCutting() { while ( true ) { wood.AddAmount(cutterAmount); yield return new WaitForSeconds(cutterInterval); } } } In diesem Beispiel würde dann dein Holzfäller jede 60 Sekunden 10 Holz zu seinem eigenem Lager hinzufügen. Ansonsten steht es dir offen die Werte anzupassen auch zur Laufzeit. Beispielsweise könnte es ja sein das du ein Holzfällerlager verbessern kannst und damit mehr Holz produziert. Das kannst du dann erreichen indem du entweder das Zeitinterval (cutterInterval) verkürzt oder eben die Menge (cutterAmount) erhöhst. Nehmen wir jetzt noch an du hast nun deine Stadt. Deine Stadt besitzt alle Ressourcen und wieder ihr eigenees lager, ein Beispiel für eine erste Implementation der Stadt könnte nun so aussehen. public class City : MonoBehaviour { public Resource wood; public Resource stone; public Resource iron; void Awake() { wood = new Resource(\"Wood\", 0); stone = new Resource(\"Stone\", 0); iron = new Resource(\"Iron\", 0); } } Nun macht die Stadt noch nicht viel. Sagen wir nun deine Stadt möchte nun Periodisch immer alle Woodcutter durchgehen und das Holz was dort gelagert ist abholen. Deine Stadt muss also erstmal alle deine Woddcutter kennen. Ich würde es eigentlich so machen das sich der Woodcutter bei der Stadt registriert. Aber ich möchte es erstmal simpel halten. Eine andere möglichkeit wäre das du einen Tag dafür nutzt. In Unity kannst du unter \"Edit -> Project Settings -> Tags and Layers\" beispielsweise nun den Tag \"Woodcutter\" hinzufügen. Wenn du das gemacht hast gehst du auf dein Holzfällerlager und wählst dann dort den Tag \"Woodcutter\" aus. Damit deine Stadt nun periodisch alle Woodcutter durchgeht schreibst du folgende Coroutine IEnumerator GetWoodcutterResources() { while ( true ) { GameObject[] gos = GameObject.FindGameObjectsWithTag(\"Woodcutter\"); foreach ( var go in gos ) { var woodcutter = go.GetComponent<Woodcuuter>(); var amount = woodcutter.wood.RemoveAmount(100); wood.AddMount(amount); } yield return new WaitForSeconds(60f); } } Dies würde Dann jede 60 Sekunden einmal alle Holzfäller suchen. Jeden Holzfäller durchgehen und dort die Komponente \"Woodcutter\" auslesen. Und dann versuchen 100 Holz von jedem Woodcutter \"abzubuchen\". Ansonsten wenn du dir RemoveAmount() anschaust wie es programmiert wurde dann gibt RemoveAmount() praktisch zurück wieviel wirklich reduziert wurde. Wenn nur 30 Holz im Lager sind, können logischerweise auch nur 30 Holz abgeholt werden. Die Rückgabe von RemoveAmount() fügst du dann zu dem Lager der Stadt hinzu. So hast du praktsich ein selbstlaufendes System. Der Woodcutter fügt ständig periodisch Holz zu seinem eigenem Lager hinzu. Die Stadt versucht ständig periodisch von diesem Holz Lager holz abzubuchen. Die \"Resource\" klasse selber stellt sicher das nicht zu viel oder zu wenig Holz in einem lager sein kann. Nun Momentan jedenfalls nur zu wenig. Aber du könntest relativ problemlos noch ein maxAmount oder ähnliches hinzufügen und das ganze würde gleich überall anwendung finden. Wenn du nun neue Gebäude einbaust dann gehst du genauso vor. Du schreibst für jedes Gebäude eine neue Klasse. Und deine Stadt fragt diese einzelnen Gebäude letztendlich ab. Ansonsten gibt es hier natürlich noch verbesserungen. Ich würde kein FindGameObjectsWithTag() nutzen sondern das Holzfällerlager registriert sich bei der Stadt. Indem bei der Stadt eine Liste existiert. Beim Registrieren würde dann bereits GetComponent<>() aufgerufen werden damit es nicht immer wieder passiert. Sowas sind aber optimierungen die dir erstmal egal sein können und die du immer noch später machen kannst. Bzw. wenn du keine Performance Probleme hast kannst du das ganze auch komplett ignorieren. Ansonsten hätte man mit dem Registrieren auch das Problem gelöst da du ja mehrere Städte haben möchtest. Und du würdest dich nur bei der richtigen Stadt registrieren. Im oberen beispiel würden alle Holzfäller abgefragt werden egal ob sie zur aktuellen Stadt gehören oder nicht. Aber sowas sind sachen die du ja implementieren solltest. Ich will dir hier ja nicht dein ganzes Spiel entwickeln. Ich hoffe das ganze hat dir zumindest etwas geholfen wie du dein Spiel \"managen\" kannst. Ansonsten wie gesagt kann ich generell eigentlich empfehlen wenn du Programmieren lernst dich erstmal Unity beiseite zu schieben und sachen nur auf der Kommandozeile (Textkonsole) zu entwickeln. Weil der Aufbau deiner Klassen und wie du etwas in Klassen unterteilst unterscheidet sich jetzt nicht davon ob du es in Unity tust oder auf der \"MS-DOS\" Kommandozeile und dabei nur Text ausgiebst. Dü würdest aber weniger durch den \"Unity-Overhead\" abgelenkt werden und wohl insgesamt schneller voran kommen. Aber das wäre nur meine Empfehlung an der du dich natürlich nicht halten musst. Nach oben #8 Keinstein Geschrieben 20. Januar 2014 - 06:25 Uhr Member Members 11 Beiträge: Tjoa, das war nun recht ausfürhlich, ich weiss garnicht wo ich nun anfangen soll. Also, Es ist natürlich nicht so dass ich die Gebäude mit der Klasse der Stadt verwalte, jedes Gebäude hat eine eigene Klasse. FindGameObjectsWithTag() verwende ich auch nicht, die Stadt erzeugt die Gebäude als GameObject und kann so auf die Klassen der Gebäude zugreifen. Die Klasse der Stadt verwende ich Primär um A : die einzelnen Gebäude zu plazieren und B: als eine Art Schnittstelle. Lezteres sollte ich dann wohl wirklich noch unterteilen. Was die Rohstoffe usw. angeht, mit denen hat die Stadt aktuell wenig am Hut, Wenn der zb. der Werkzeugbauer mehr Holz braucht, kauft er dieses beim Holzhacker, wenn auch indirekt über die Stadt. Bisher hab ich Rohstoffe eigentlich via dictionary verwaltet, deine Variante sollt ich aber doch auch in betracht ziehen, könnte vermutlich performanter sein. Als letztes möcht ich noch kurz auf meine Erfahrung eingehen. Es ist natürlich nicht so dass ich einfach mal so mit unity angefangen habe, angefangen mit Programmieren hab ich schon vor x Jahren, damals noch mit Java, Konsolenanwendungen habe ich also schon zur genüge gemacht. Später hab ich schonmal C# ausprobiert, habe dann aber zu Flash (As2) gewechselt und damit schon 3 kleinere Spiele gemacht. Tja und nun bin ich bei Unity gelandet und Frage mich wieso ich mich solage mit Flash rumgeschlagen habe... So, das meiste habe ich halt nun nur kurz angeschnitten, ich werde später nochmal auf einzelne Punkte detailierter eingehen, erstmal werd ich aber meine Stadtklasse nochmal durchgehen und schauen was ich eventuel rausnehmen und auf neue Klassen verteilen kann. Vielen dank für deine umfangreiche Antwort, ich werde sie gleich nochmal durchlesen um sicherzustellen dass ich nichts entscheidendes übersehen habe. Nach oben Back to Scripting · Next Unread Topic → 1 Besucher lesen dieses Thema Mitglieder: 0, Gäste: 1, unsichtbare Mitglieder: 0 Reply to quoted posts      Clear     Unity Insider Forum → Unity Support → Scripting Change Theme IP.Board IP.Board Mobile Standard Deutsch (DU) English (USA) Deutsch (DU) Forum als gelesen markieren Übersetzung © deutscher IP.Board Support Forums Blogs Das gesamte Forum als gelesen markieren Hilfe Community Forum Software by IP.Board IPB skin by IPBForumSkins ","title":"Eine Stadt mit Häusern... - Unity Insider Forum","desc":"Hallo, also ich habe folgende Ausgangslage: Für mein 2d-Spiel habe ich eine Stadt, die ist aktuell nur eine weisse Fläche, darauf platziere ich div....","details":{"length":18262,"language":"de","date":"2014/10/31 16:18:40","type":"application/xhtml+xml","country":""},"crawling":{"duration":"1","date":"2014/10/31 16:18:40"},"metas":[{"name":"keywords","value":"Eine,Stadt,mit,Häusern,Hallo,also,ich,habe,folgende,Ausgangslage,Für,mein,2d-Spiel,eine,die,ist,aktuell,nur,weisse,Fläche,darauf,platziere,div,Häuser,wie"},{"name":"description","value":"Hallo, also ich habe folgende Ausgangslage: Für mein 2d-Spiel habe ich eine Stadt, die ist aktuell nur eine weisse Fläche, darauf platziere ich div...."},{"name":"identifier-url","value":"http://forum.unity-community.de/topic/6637-eine-stadt-mit-hausern/page__p__49020"},{"name":"og:url","value":"http://forum.unity-community.de/topic/6637-eine-stadt-mit-hausern/page__p__49020"},{"name":"og:title","value":"Eine Stadt mit Häusern..."},{"name":"og:site_name","value":"Unity Insider Forum"},{"name":"og:image","value":"http://forum.unity-community.de/public/style_images/uniform/meta_image.png"},{"name":"og:type","value":"article"}],"uri":{"protocol":"http","domain":"de.unity-community.forum.","url":"http://forum.unity-community.de/topic/6637-eine-stadt-mit-hausern/page__p__49020"}}},{"_index":"de_content_201410","_type":"resourceQ","_id":"http://octanorm.de/pages/products/productnavigator.aspx?ac=01&base=true&dim=130&grooves=4&pff=2","_score":1.0, "_source" : {"body":"     HOME COMPANY NEWS OSPI-NETWORK CONTACT DOWNLOAD SEARCH MY OCTANORM     HOME COMPANY NEWS OSPI-NETWORK CONTACT DOWNLOAD SEARCH MY OCTANORM HOME SEARCH PRODUKT NAVIGATOR TEXTFILTER TAGS MATERIAL LENGTH Shape: Special Types Article code: .01 Dimension: 130 mm Grooves: 4 Type: Assembled extrusions   HOME   LEGAL NOTICE     OTHER COUNTRIES ","title":"\n\tOCTANORM GERMANY - Extrusion Navigator\n","desc":"Choose the extrusion that fits your needs.","details":{"length":342,"language":"en","date":"2014/10/31 16:18:41","type":"application/xhtml+xml","country":""},"crawling":{"duration":"1","date":"2014/10/31 16:18:41"},"metas":[{"name":"author","value":"OCTANORM-Vertriebs-GmbH"},{"name":"copyright","value":"OCTANORM-Vertriebs-GmbH"},{"name":"publisher","value":"OCTANORM-Vertriebs-GmbH"},{"name":"description","value":"Choose the extrusion that fits your needs."}],"uri":{"protocol":"http","domain":"de.octanorm.","url":"http://octanorm.de/pages/products/productnavigator.aspx?ac=01&base=true&dim=130&grooves=4&pff=2"}}},{"_index":"de_content_201410","_type":"resourceQ","_id":"http://shop.dpfuttermittel.de/fischfutter-gefroren/cyclops-gefroren-vitamin-plus-100g-blistertafel::1837.html?modsid=d560f639c00a9451a3e97f9a936c21b6","_score":1.0, "_source" : {"body":" Ihr Warenkorb ist leer. Home Login Mein Konto Warenkorb Kasse Cyclops, gefroren, Vitamin plus, 100g Blistertafel Bild vergrößern Ab 1,08 EUR Stückpreis 1,20 EUR inkl. 7 % MwSt. zzgl. Versandkosten Lieferzeit: 1-2 Werktage 1,20 EUR pro 100g Staffelpreise 1 - 9 Stk. je 1,20 EUR bei dieser Menge nur 1,20 EUR pro 100g ab 10 Stk. je 1,08 EUR bei dieser Menge nur 1,08 EUR pro 100g Art.Nr.: 01785 Premium-Qualität, Cyclops/Ruderfusskrebse gefroren im Blisterpack à 30 Portionen, einzeln entnehmbar, angereichert mit Vitaminen, Spurenelementen, Omega-3- und anderen ungesättigten Fettsäuren zur Förderung der Vitalität und Abwehrkraft Ihrer Aquariumfische. Durch seinen Gehalt an Carotinoiden nehmen die Cyclops postiv Einfluss auf die Rotfärbung unserer Aquarienfische. Sehr geehrte Kundin, sehr geehrter Kunde, bitte beachten Sie bei der Bestellung von Frostware, das diese erst ab 40,00 Euro Mindestbestellwert, auch bei gemischter Abnahme Frostware geliefert werden kann. Dieser Mindestbestellwert gilt ausschließlich für gefrorenen Artikel wie gefrorene Futterinsekten und Frostnager. Andere Artikel wie z.B. Zubehör und Futtermischungen werden nicht auf den Mindestbestellwert angerechnet. Bitte wählen Sie bei der abschließenden Bestellung nur Expressversand aus. Mit normalen DHL-Paketen verschicken wir keine Frostware. Zur Zeit ist leider keine Nachnahme bei Expresslieferungen möglich. Herzlichen Dank für Ihr Verständnis! Kunden, die diesen Artikel kauften, haben auch folgende Artikel bestellt: gefrorene Stinte, ca. 6cm, 4kg lose in Styroporbox 27,00 EUR 6,75 EUR pro 1 kg inkl. 19 % MwSt. zzgl. Versandkosten Mehlwürmer 500 Gramm 7,00 EUR 14,00 EUR pro 1000g inkl. 19 % MwSt. zzgl. Versandkosten Papageienfutter Spezial, 2000gr. Beutel 5,30 EUR 2,65 EUR pro 1000g inkl. 7 % MwSt. zzgl. Versandkosten NutriBird Uni-Komplett, 1000gr Karton 5,30 EUR 5,30 EUR pro 1000g inkl. 7 % MwSt. zzgl. Versandkosten Orlux Uni Patee, 1000gr Beutel 4,90 EUR 4,90 EUR pro 1000g inkl. 7 % MwSt. zzgl. Versandkosten Diesen Artikel haben wir am Dienstag, 26. Oktober 2010 in unseren Katalog aufgenommen. Kategorien Futterinsekten Lebende Pflanzen Frost-Nager, Fische & Küken Fischfutter gefroren Vogelfutter Einzelsaaten Trockenfrüchte und -beeren Aufzuchtfutter Futterzusätze Bodenstreu Hygiene, Insektenvernichtung Käfige Vorsatzgitter Volierenbau Sitzgelegenheiten Käfigausstattung Badehäuser Futter- & Wasserbehälter Brutzubehör Vogelzubehör Winterfütterung Ausstellungskäfige und Zubehör Schädlingsbekämpfung Hunde Alles für Nager Terraristik Fische Warnschilder Broschüren und Bücher Poster Verpackungsmittel & Porto Willkommen zurück! E-Mail-Adresse Passwort Neue Artikel TK Hund Lamm Herzwürfel 500g 2,89 EUR inkl. 7 % MwSt. zzgl. Versandkosten Neue Artikel » Hersteller Bitte wählen Bayer Beaphar Bento Kronen Bogena CéDé DIBO Happy Dog King-Qualifood Lundi Deutschla.. Namiba Terra Natural Nobby Nutri Bird Orlux Oropharma Quiko Top-Insect Versele Laga Schnellkauf Bitte geben Sie die Artikelnummer aus unserem Katalog ein. Mehr über... Liefer- und Versandkosten Privatsphäre und Datenschutz Unsere AGB's Impressum Index Kontakt Widerrufsrecht Informationen Links Wir über uns! Lagerverkauf Heuschreckenzucht Lieferprogramm Frostfutter Lebende Futterinsekten Weichfresserfutter Körnerfresser Vogelzuchtzubehör Nagersortiment Hundesortiment Teichfischsortiment Newsletter-Anmeldung E-Mail-Adresse Bewertungen Bewerten Sie diesen Artikel! Kundengruppe Kundengruppe: Gast mod ified eCommerce Shopsoftware © 2009-2014 Parse Time: 0.786s","title":"fischfrostfutter - Futtermittel Palmowski","desc":"fischfrostfutter","details":{"length":3533,"language":"de","date":"2014/10/31 16:18:40","type":"application/xhtml+xml","country":""},"crawling":{"duration":"1","date":"2014/10/31 16:18:40"},"metas":[{"name":"keywords","value":"fischfrostfutter, tubifex"},{"name":"description","value":"fischfrostfutter"},{"name":"language","value":"de"},{"name":"robots","value":"index,follow"},{"name":"author","value":"Dietmar Palmowski"},{"name":"publisher","value":"Futtermittel Palmowski"},{"name":"company","value":"Futtermittel Palmowski"},{"name":"page-topic","value":"shopping"},{"name":"reply-to","value":"info@dp-futtermittel.de"},{"name":"revisit-after","value":"3"},{"name":"generator","value":"(c) by modified eCommerce Shopsoftware ------ http://www.modified-shop.org"}],"uri":{"protocol":"http","domain":"de.dpfuttermittel.shop.","url":"http://shop.dpfuttermittel.de/fischfutter-gefroren/cyclops-gefroren-vitamin-plus-100g-blistertafel::1837.html?modsid=d560f639c00a9451a3e97f9a936c21b6"}}},{"_index":"de_content_201410","_type":"resourceQ","_id":"http://hoppetosse-bartels.de/index.php?info=6058&page=reviews&page_action=show&x98d96=un8r9frdb97glh3nf40a5svoleoeh2i3","_score":1.0, "_source" : {"body":" Markenshop Alta Anna Wand Annette Frank Babybay Bugaboo ByGraziela Calafant Corpus Delicti Cybex Designers Guild Eiermann Fatboy Fussenegger Handed BY Joolz Kaiser Knaufmanufaktur Koeka Krima und Isa Lässig Le Petit Beurre Leander Lexington Company Lifetime Little Dutch Lorena Canals Moll Mountain Buggy Officina Crea Oliver Furniture Petit Jour Rice Sirch Taftan Taj Wood & Scherer Trousselier Werkhaus Kategorien Aufbewahrung Autositze Babywelt Bettwäsche Für Mama Geschirr Melamin Kindertaschen/-koffer Kinderwagen Kissen & Decken Lampen Möbel Papeterie Spielwaren Wand & Boden Filialen Düsseldorf Neuss Köln Kids Plastic Lunch Box with Caterpillar Print BXLUN-SCP 5,90 EUR incl. 19 % USt zzgl. Versandkosten Bitte beachten Sie die angegebene Lieferzeit 0 Bewertung(en) | Bewertung schreiben Art.Nr.: 00043483 Bewertungen Zu diesem Artikel existieren noch keine Bewertungen Quelle: Hoppetosse Suche: Home Kasse Anmelden Newsletter Facebook Google+ Merkzettel Ihr Konto Warenkorb Liefer- und Versandkosten Privatsphäre und Datenschutz Unsere AGB Impressum Kontakt Widerrufsrecht xt:Commerce VEYTON © 2009 xt:Commerce GmbH ","title":"Hoppetosse Bartels Kinderwelt","desc":"Wir bieten ein leidenschaftlich komponiertes, auf Schritt und Tritt überraschendes Sortiment an Möbeln, Textilien, Accessoires und Spielzeug.","details":{"length":1126,"language":"de","date":"2014/10/31 16:18:41","type":"application/xhtml+xml","country":""},"crawling":{"duration":"1","date":"2014/10/31 16:18:41"},"metas":[{"name":"robots","value":"index,follow"},{"name":"language","value":"de"},{"name":"company","value":"Bartels Kinderwelt GmbH & Co. KG"},{"name":"author","value":"Bartels Kinderwelt GmbH & Co. KG"},{"name":"publisher","value":"Bartels Kinderwelt GmbH & Co. KG"},{"name":"page-topic","value":"shopping"},{"name":"reply-to","value":"shop@bartels-einrichtungshaus.de "},{"name":"revisit-after","value":"7"},{"name":"description","value":"Wir bieten ein leidenschaftlich komponiertes, auf Schritt und Tritt überraschendes Sortiment an Möbeln, Textilien, Accessoires und Spielzeug."},{"name":"generator","value":"xt:Commerce VEYTON 4.0.12"}],"uri":{"protocol":"http","domain":"de.hoppetosse-bartels.","url":"http://hoppetosse-bartels.de/index.php?info=6058&page=reviews&page_action=show&x98d96=un8r9frdb97glh3nf40a5svoleoeh2i3"}}},{"_index":"de_content_201410","_type":"resourceQ","_id":"http://amity-gilde.de/forum/index.php/memberslist/?s=98af9331ad6e02f2168f0190c21c06af1410a697&sortfield=registrationdate&sortorder=asc","_score":1.0, "_source" : {"body":" Anmelden oder registrieren Benutzername oder E-Mail-Adresse Sind Sie bereits registriert? Nein, ich möchte mich jetzt registrieren. Ja, mein Kennwort lautet: Kennwort Dauerhaft angemeldet bleiben Kennwort vergessen Navigation Homepage Dashboard Forum Mitglieder Raidplaner TeamSpeak Nur Betreff durchsuchen Ergebnisse als Themen anzeigen Erweiterte Suche Letzte Aktivitäten Benutzer online Team-Mitglieder Mitgliedersuche Zum Seitenende Schnellnavigation Navigation Homepage Dashboard Forum Mitglieder Letzte Aktivitäten Benutzer online Team-Mitglieder Mitgliedersuche Raidplaner TeamSpeak Noch kein Mitglied? Um alle Funktionen des Forums nutzen zu können, sollten Sie sich registrieren. Wenn Sie schon regstriert sind, sollten Sie sich anmelden. Registrieren Anmelden Amity » Mitglieder 105 PvE/Raid- & PvP-Anmeldung: klick 1 Seite 1 von 4 2 3 4 Mitgliederliste Benutzername Geschlecht Registrierungsdatum Website E-Mail Punkte Likes Beiträge Zakuro Gildenleiter 20. Mai 2014 Website 260 24 36 Shaak'pi Lieutenant 20. Mai 2014 518 23 95 Neilus Gildenleiter 20. Mai 2014 866 40 150 Kboss Offizier 20. Mai 2014 612 41 106 atschai Gildenmitglied 20. Mai 2014 60 10 9 Luzi Gildenmitglied 20. Mai 2014 152 2 24 Minu Gildenmitglied 20. Mai 2014 96 11 17 Nobody 20. Mai 2014 32 2 6 iBackfisch 20. Mai 2014 110 10 20 Androst Lieutenant 20. Mai 2014 152 2 28 Penina Gildenmitglied 20. Mai 2014 0 0 0 Dason 20. Mai 2014 0 0 0 Nicola 20. Mai 2014 0 0 0 Shirouka Gildenmitglied 20. Mai 2014 65 0 13 Matczeck Gildenmitglied 20. Mai 2014 0 0 0 Jeena Gildenmitglied 20. Mai 2014 25 0 5 fuetty Gildenmitglied 20. Mai 2014 159 3 30 Navelvion Gildenmitglied 21. Mai 2014 60 0 12 Saeryn Gildenmitglied 21. Mai 2014 0 0 0 Desentyer 21. Mai 2014 82 7 15 Kevin 21. Mai 2014 11 1 2 Ostrodus Lieutenant 21. Mai 2014 0 0 0 Aviru Offizier 21. Mai 2014 10 0 1 Kaktus 21. Mai 2014 10 0 2 Blorunias 21. Mai 2014 0 0 0 Lexx_Donn Gildenmitglied 25. Mai 2014 0 0 0 Vercopa Lieutenant 25. Mai 2014 301 1 59 Wilddagdas 28. Mai 2014 0 0 0 erwin Gildenmitglied 28. Mai 2014 0 0 0 Deepi Gildenmitglied 29. Mai 2014 52 2 8 1 Seite 1 von 4 2 3 4 Amity » Mitgliedersuche Anfangsbuchstabe # A B C D E F G H I J K L M N O P Q R S T U V W X Y Z Neueste Mitglieder Netox 4. Juli 2014, 10:37 Gordac 29. Juni 2014, 15:17 Hulkster 29. Juni 2014, 13:53 Jow 28. Juni 2014, 16:50 XiongFei 28. Juni 2014, 14:57 Aktivste Mitglieder Neilus 866 Punkte Kboss 612 Punkte Shaak'pi 518 Punkte Vercopa 301 Punkte Zakuro 260 Punkte Impressum Zum Seitenanfang 5. Juli 2014, 10:12 Forensoftware: Burning Board®, entwickelt von WoltLab® GmbH Herzlich Willkommen! Um alle Funktionen des Forums nutzen zu können, müssen Sie sich registrieren. Falls Sie sich schon registriert haben sollten Sie sich anmelden. Jetzt Registrieren! Dauerhaft angemeldet bleiben (Kennwort vergessen) ","title":"Mitglieder - Amity","desc":null,"details":{"length":2817,"language":"de","date":"2014/10/31 16:18:38","type":"text/html","country":""},"crawling":{"duration":"1","date":"2014/10/31 16:18:38"},"metas":[{"name":"viewport","value":"width=device-width, initial-scale=1"},{"name":"format-detection","value":"telephone=no"},{"name":"description","value":""},{"name":"keywords","value":""},{"name":"og:site_name","value":"Amity"}],"uri":{"protocol":"http","domain":"de.amity-gilde.","url":"http://amity-gilde.de/forum/index.php/memberslist/?s=98af9331ad6e02f2168f0190c21c06af1410a697&sortfield=registrationdate&sortorder=asc"}}},{"_index":"de_content_201410","_type":"resourceQ","_id":"http://myfirsttake.de/rechtliches/agb.php?sid=2b206807ada5ed86101fb7b186945058","_score":1.0, "_source" : {"body":" . Allgemeine Unterrichtsbedingungen für Workshops 1. Unterricht Workshops sind Tagesveranstaltungen, die in der Zeit von 11.00 bis 17.00 Uhr stattfinden. Filmworkshops finden an mehreren aufeinander folgenden Tagen statt. Die Zeiten werden hier individuell festgelegt. 2. Voraussetzungen und Anmeldung Das Mindestalter für die Teilnehmer beträgt 6 Jahre. Ausnahmen sind nach Rücksprache möglich. Die verbindliche Anmeldung erfolgt über das Internet oder das Anmeldeformular. Die Anmeldung in Verbindung mit der schriftlichen Anmeldebestätigung von First Take per E-Mail verpflichtet zur Zahlung der Teilnahmegebühr. Bei Überbelegung entscheidet die Reihenfolge der eingegangenen Teilnahmegebühren. 3. Teilnahmegebühr Durch Zahlung der Kursgebühr erwirbt der Schauspielschüler/in das Recht zur Teilnahme an einem Workshop. Die jeweilige Teilnahmegebühr muss bis spätestens 10 Tage vor Beginn des Kurses unter Angabe des Namens und der Kursbezeichnung auf das folgende Konto überwiesen werden: Beate Ebert, Kto.Nr.: 380072900 BLZ: 370 400 44 Commerzbank Frechen 4. Rücktritt / Stornierung Bis 10 Werktage vor Kursbeginn stornieren wir Ihre Anmeldung kostenlos. Die Stornoerklärung bedarf der Schriftform. Erfolgt die Stornierung später als 8 Werktage vor Kursbeginn erheben wir die volle Teilnahmegebühr. Diese Regelung erfolgt unabhängig vom Zeitpunkt ihrer Anmeldung. Fernbleiben vom Unterricht befreit nicht von Zahlungsverpflichtungen und ersetzt keine Stornierung. 5. Absage von Kursen Ein durch Ausfall von Dozenten nicht zustande gekommener Workshop wird nach Möglichkeit nachgeholt. Sollte es zur Absage kommen, erstatten wir umgehend die bezahlte Teilnahmegebühr zurück. Weitere Ansprüche sind ausgeschlossen. Ein Unterrichtsausfall seitens des Schülers kann weder rückvergütet noch nachgeholt werden. 6. Haftung Die Kursteilnehmer haften für Unfälle auf dem Weg und während des Unterrichts sowie für Verlust von Kleidung oder Wertsachen. Die Kursteilnehmer besuchen die Veranstaltungen auf eigene Gefahr. 7. Film-, Bild- und Tonmaterial Die während des Zeitraums erstellten Film- und Bildmaterialien sind Eigentum der Schauspielakademie. Es besteht kein Anspruch darauf. Die Aushändigung von Filmmaterialien ist ausschließlich für private Zwecke der Darsteller gedacht und keinesfalls zur Weitergabe oder Verwertung an Dritte. 8. Presse Während der Schauspieltrainings kann es zu Dreharbeiten und Pressekontakten kommen. Die Ausstrahlung oder sonstige Verwertung des Bild- und Tonmaterials wird mit der Unterschrift seitens des Erziehungsberechtigten ausdrücklich und generell genehmigt. Sollte dies nicht gewünscht sein, bitte bei Vertragsabschluss darauf hinweisen.   Allgemeine Unterrichtsbedingungen für wöchentlichen Schauspielunterricht 1. Unterricht   Der Schauspielunterricht findet einmal wöchentlich statt, und hat eine Dauer von 1,5 Stunden für Schüler ab 13 Jahren und 1 Stunde für Schüler von 8-12 Jahren. In den Schulferien und an gesetzlichen Feiertagen sowie an Karneval findet kein Unterricht statt. Die Verpflichtung zur Fortzahlung der Kursgebühr wird davon nicht berührt. Interessenten haben regelmäßig die Möglichkeit eine kostenlose Probestunde zu absolvieren. Der Termin muss mit der First Take Schauspielakademie abgesprochen werden. 2. Voraussetzungen und Anmeldung   Das Mindestalter für die Teilnehmer beträgt 8 Jahre. Ausnahmen sind nach Rücksprache möglich. Die verbindliche Anmeldung erfolgt über das First Take Anmeldeformular. Die Mindestteilnehmerzahl je Kurs beträgt 5 Teilnehmer.   3. Teilnahmegebühr   Die Kursgebühr für den 1 stündigen Kurs (Schüler von 8-12 Jahren) beträgt € 45,00 je Monat. Für den 1,5 stündigen Kurs beträgt die Kursgebühr € 60,00 je Monat.  Für 1,5 Std Erwachsene beträgt die Kursgebühr € 75,00 je Monat. Die Kurse der Fremdsprachen (Talk & Act) können abweichend sein. Die Kursgebühr wird zum 1. eines jeden Monats per Lastschrift von dem auf dem Anmeldeformular angegebenen Bankkonto eingezogen. Hierzu erteilt der Kursteilnehmer/gesetzlicher Vertreter der FirstTake Schauspielakademie eine Einzugsermächtigung. Sollten bei der Abbuchung Kosten entstehen, so trägt der Kursteilnehmer die Kosten der von dem Bankinstitut berechneten Gebühren für die Rücklastschriften. 4. Vertragslaufzeit und Kündigung   Der Vertrag wird mit der Annahme der schriftlichen Anmeldung durch die First Take Schauspielakademie auf unbestimmte Zeit abgeschlossen. Beide Vertragspartner haben das Recht, ohne Angabe von Gründen, den Vertag mit einer Frist von einem Monat zum Monatsende zu kündigen. Die Kündigung muss schriftlich erfolgen. Das Fernbleiben des Schülers vom Unterricht entbindet nicht von der Zahlungsverpflichtung und ersetzt keine Kündigung. 5. Unterrichtsausfall Ein durch Ausfall von Dozenten nicht zustande gekommener Unterricht wird nach Möglichkeit nachgeholt. Ein Unterrichtsausfall seitens des Schülers kann weder rückvergütet noch nachgeholt werden. 6. Haftung Die Kursteilnehmer haften für Unfälle auf dem Weg und während des Unterrichts sowie für Verlust von Kleidung oder Wertsachen. Die Kursteilnehmer besuchen die Veranstaltungen auf eigene Gefahr. 7. Film-, Bild- und Tonmaterial Die während des Zeitraums erstellten Film- und Bildmaterialien sind Eigentum der Schauspielakademie. Es besteht kein Anspruch darauf. Die Aushändigung von Filmmaterialien ist ausschließlich für private Zwecke der Darsteller gedacht und keinesfalls zur Weitergabe oder Verwertung an Dritte. 8. Presse Während der Schauspieltrainings kann es zu Dreharbeiten und Pressekontakten kommen. Die Ausstrahlung oder sonstige Verwertung des Bild- und Tonmaterials wird mit der Unterschrift seitens des Erziehungsberechtigten ausdrücklich und generell genehmigt. Sollte dies nicht gewünscht sein, bitte bei Vertragsabschluss darauf hinweisen. . © First Take - Schauspielschule | Kontakt | Anfahrt | Impressum | AGB ","title":"First Take - Schauspielschule","desc":"First Take - Schauspielschule","details":{"length":5860,"language":"de","date":"2014/10/31 16:18:41","type":"application/xhtml+xml","country":""},"crawling":{"duration":"1","date":"2014/10/31 16:18:41"},"metas":[{"name":"description","value":"First Take - Schauspielschule"},{"name":"author","value":"First Take - Schauspielschule, Beate Ebert"},{"name":"keywords","value":"First Take, Schauspielschule, Kinder und Jugendliche, Erwachsene, Beate Ebert, Köln, Schauspielunterricht, Kurse, Workshops"},{"name":"date","value":"2009-04-14"},{"name":"content-language","value":"de"},{"name":"robots","value":"INDEX,FOLLOW"},{"name":"DC.title","value":"First Take - Schauspielschule"},{"name":"DC.creator","value":"Beate Ebert"},{"name":"DC.subject","value":"First Take"},{"name":"DC.description","value":"First Take - Schauspielschule"},{"name":"DC.publisher","value":"First Take"},{"name":"DC.date","value":"2009-04-14"},{"name":"DC.format","value":"text/html"},{"name":"DC.language","value":"de"}],"uri":{"protocol":"http","domain":"de.myfirsttake.","url":"http://myfirsttake.de/rechtliches/agb.php?sid=2b206807ada5ed86101fb7b186945058"}}},{"_index":"de_content_201410","_type":"resourceQ","_id":"http://forum.lovingnewyork.de/points.php?sid=5dc9021d296182a4e2959bd66e17495b","_score":1.0, "_source" : {"body":" Foren-Übersicht FAQ Registrieren Anmelden Zur Website forum.lovingnewyork.de NEW YORK CITY FORUM Foren-Übersicht Welcome Anonymous ! NEW YORK CITY FORUM   Anmelden or Registrieren Information Punkte Information Du hast keine Berechtigung, diesen Bereich zu betreten. Foren-Übersicht Das Team • Alle Cookies des Boards löschen • Alle Zeiten sind UTC [ Sommerzeit ] Powered by phpBB® Forum Software © phpBB Group | Unbeantwortete Themen Amerikanische Fluglinien ändern die Handgepäck Größen? von PictureDreams Mit Kindern nach New York reisen von steffen 3 1/2 Sterne, über 1.100 Bewertungen und in SoHo für 91 EUR von steffen Expedia: \"Abenteuer USA – Die besten Flug & Hotel Deals\" von steffen NY im TV von manni-ny Das Affinia Shelburne Hotel in Midtown von steffen Hotels von manni-ny lovingnewyork Partnerlinks zum Unterstützen :) von steffen Neue Beiträge Re: Empire State Building - lohnt sich der Besuch der 102. E von Haydee_NYC Re: Statue of Liberty - Crown access von PictureDreams Re: Empire State Building - lohnt sich der Besuch der 102. E von PictureDreams Re: Empire State Building - lohnt sich der Besuch der 102. E von Haydee_NYC Re: Deine Lieblings Bilder von deiner NY Reise von Haydee_NYC Re: 1 Tag new York von Haydee_NYC Re: 1 Tag new York von steffen Re: Prepaid Telefonkarte / US SIM CARD? von felix30916 ","title":"Information • forum.lovingnewyork.de","desc":null,"details":{"length":1329,"language":"de","date":"2014/10/31 16:18:42","type":"application/xhtml+xml","country":""},"crawling":{"duration":"1","date":"2014/10/31 16:18:42"},"metas":[{"name":"resource-type","value":"document"},{"name":"distribution","value":"global"},{"name":"copyright","value":"2000, 2002, 2005, 2007 phpBB Group"},{"name":"keywords","value":""},{"name":"description","value":""},{"name":"viewport","value":"width=device-width, initial-scale=1.0"}],"uri":{"protocol":"http","domain":"de.lovingnewyork.forum.","url":"http://forum.lovingnewyork.de/points.php?sid=5dc9021d296182a4e2959bd66e17495b"}}},{"_index":"de_content_201410","_type":"resourceQ","_id":"http://online-hut.de/shop/system/detailimage?shop_param=cid%3d145%26aid%3dtl-003%26position%3dposition1%26","_score":1.0, "_source" : {"body":"","title":"","desc":null,"details":{"length":0,"language":"en","date":"2014/10/31 16:18:43","type":"text/html","country":""},"crawling":{"duration":"1","date":"2014/10/31 16:18:43"},"metas":[],"uri":{"protocol":"http","domain":"de.online-hut.","url":"http://online-hut.de/shop/system/detailimage?shop_param=cid%3d145%26aid%3dtl-003%26position%3dposition1%26"}}},{"_index":"de_content_201410","_type":"resourceQ","_id":"http://nobion.de/acer--aspire_4553_series_4553-5779--notebook-bildschirm.shtml","_score":1.0, "_source" : {"body":"Set-Cookie: m_muah=1404509185; expires=Tue, 17-Jan-2017 00:00:00 GMT; path=/; Phone: +49 (0) 69 25472341 Email: Vertrieb@nobion.de Mitgliederbereich:                Keine Elemente: 0     Zum Warenkorb          Login | Registrierung                   Summe: 0.00 €           Bargeld Home  |  Kontakt  |  Über uns  |  Versand  |  Fragen  |  Akzeptierte Zahlungsmittel nach Notebookhersteller nach Bildschirmhersteller Anleitungen zum Notebook Display Auss Es ist sehr einfach! Ändern Sie Ihren Bildschirm in 20 Minuten. Siehe Details Kontakt Willkommen bei Notebook Bildschirme Online.de Phone: +49 (0) 69 25472341 Email: Vertrieb@nobion.de Sie haben Fragen zu unseren Produkten, der Verfügbarkeit oder dem Bestellvorgang? Hinterlassen Sie uns Ihre Telefonnummer und wir rufen Sie gerne zurück!   nach Notebookhersteller  Acer  Apple  Asus  Benq  Compaq  Dell  Flybook  Fujitsu-Siemens  HP  Lenovo  LG Electronics  Medion  Samsung  Sony  Toshiba - Alle Marken - nach Bildschirmhersteller  AU Optronics  BOEhydis  Chi Mei  Chunghwa  HannStar  Hitachi  Hyundai  IDTech  LG Philips  Quanta Display  Samsung  Sharp  Toshiba Matsushita - Alle LCD Hersteller - Acer Aspire 4553 Series 4553-5779 Notebookbildschirm Nobion Bildschirme nach Notebookhersteller: Acer Aspire 4553 Series 4553-5779 Acer Aspire 4553 Series 4553-5779 Nobion liefert A-Klasse Ersatzbildschirme fÃ¼r die Reparatur Ihres Notebooks. Wir liefern an Privat- und GeschÃ¤ftskunden. Unsere Webseite kann leider den momentanen Lagerbestand nicht in Realtime abbilden. Deshalb , bitten wir Sie herzlich darum vor einer Bestellung sich von unserem freundlichen und sachkundigen Verkaufsteam die derzeitige VerfÃ¼gbarkeit bzw. Lieferzeit des Produktes bestÃ¤tigen zu lassen. Sie erreichen uns werktags von 10-19 Uhr unter Vertrieb@Nobion.de.Richten Sie Ihre E-Mail an Vertrieb@Nobion.de. Acer Aspire 4553 Series 4553-5779 Notebookbildschirm 73.91€ • Bildschirmzustand:  Nagelneu, direkt vom Hersteller • Marke:  Acer • Model:  Acer Aspire 4553 Series 4553-5779 • GrÃ¶ÃŸe: 14.0\" • AuflÃ¶sung: (1366 x 768) WXGA HD • Hintergrundbeleuchtung: LED • SeitenverhÃ¤ltnis: Wide (16:9) Einen beschÃ¤digten Notebook bildschirm von einem Computerreparaturbetrieb austauschen zu lassen ist zwar sehr bequem, kann aber schnell ziemlich teuer werden. Zum GlÃ¼ck lÃ¤sst sich ein Notebook bildschirm selbst von einem absolut unerfahrenen technisch unbegabten Laien in oft weniger als einer halben Stunde austauschen. Sie werden sich wundern wie einfach das ist. Es wird dazu nur ein passender Schraubenzieher und ein kleiner scharfer Gegenstand benÃ¶tigt. Sparen Sie Zeit und Geld!   Ressourcen     Firma Notebook Bildschirme Online.De Kontakt Über uns Impressum Anleitungen zum Notebook Display Ausbau Fragen Versand Akzeptierte Zahlungsmittel So bestellen Sie einen Notebookbildschirm Allgemeine Geschäftsbedingungen Datenschutzrichtlinie Gründe für den Austausch Ihres Notebookbildschirms? Brauche ich wirklich einen neuen Bildschirm für mein Notebook? Bildschirm-Glossar! Sitemap   Phone: +49 (0) 69 25472341 Email: Vertrieb@nobion.de ","title":"Acer Aspire 4553 Series 4553-5779 Notebookbildschirm, 73.91€: Nobion.de","desc":"Acer Aspire 4553 Series 4553-5779 Notebookbildschirm, 73.91€ von Nobion fÃ¼r Notebook Display Reparaturen. Senden Sie zur Bestellung eine E-Mail an Vertrieb@Nobion.de oder rufen Sie an unter +49 (0) 69 25472341.","details":{"length":3076,"language":"de","date":"2014/10/31 16:18:39","type":"text/html","country":""},"crawling":{"duration":"1","date":"2014/10/31 16:18:39"},"metas":[{"name":"description","value":"Acer Aspire 4553 Series 4553-5779 Notebookbildschirm, 73.91€ von Nobion fÃ¼r Notebook Display Reparaturen. Senden Sie zur Bestellung eine E-Mail an Vertrieb@Nobion.de oder rufen Sie an unter +49 (0) 69 25472341."},{"name":"keywords","value":"Acer, Acer Aspire 4553 Series 4553-5779, "}],"uri":{"protocol":"http","domain":"de.nobion.","url":"http://nobion.de/acer--aspire_4553_series_4553-5779--notebook-bildschirm.shtml"}}},{"_index":"de_content_201410","_type":"resourceQ","_id":"http://digitalvideoschnitt.de/forum/video-zubeha-r/61600-stativ-fa-r-sony-hdr-cx130e.html","_score":1.0, "_source" : {"body":" Home Forum   inside forum Registrieren Heutige Beiträge Suche Kontrollzentrum wer bung MAGIX Video deluxe 2008 Die Referenz für perfekte Videobearbeitung Professionelle Titel und Trailer für Ihr Video Heroglyph eröffnet Ihrer Kreativität neue Horizonte Forum Aktuelles Downloads Services Startseite   digitalvideoschnitt.de - das Videoschnitt- und Camcorder-Forum > Hardware > Video-Zubehör Stativ für Sony HDR-CX130E Benutzername Angemeldet bleiben? Kennwort Registrieren Hilfe Benutzerliste Kalender Suchen Heutige Beiträge Alle Foren als gelesen markieren Video-Zubehör Fragen zum Thema Video-Zubehör - z.B. Lampen, Akkus, Stative usw.   LinkBack Themen-Optionen   # 1 ( permalink)   06.12.2011, 20:05 Vuze Neuer Benutzer   Registriert seit: 05.11.2011 Beiträge: 4 Stativ für Sony HDR-CX130E EDIT: Ganz versteckt hat Amazon anscheinend eine \"Zubehör\"-Funktion ;-) Da werden auch zig Tripods aufgelistet. Habe mich für das Cullman Alpha 2500 entschieden, scheint sehr beliebt zu sein. Link für diejenigen, die ebenfalls suchen sollten: Sony HDR-CX130E Full HD Camcorder 3 Zoll schwarz: Amazon.de: Kamera & Foto Hallo beisammen, habe mir die Sony HDR-CX130E zugelegt und suche jetzt ein Stativ dafür, welches man wie in diesem Video ( A further look behind my 3DS recording technique - YouTube) drehen kann. Ich weiß nicht, ob das \"Standard\" bei Stativen ist, habe aber auch keine Erfahrung damit, deshalb bitte ich um euren Rat. Google spuckt nix nützliches aus. Preis sollte max. 30€ betragen, wenn das möglich ist, da ich mit dem Camcorder ja schon etwas über mein Budget hinausgeschossen bin ^^ ~lg Geändert von Vuze (06.12.2011 um 20:30 Uhr). Vuze Öffentliches Profil ansehen Private Nachricht an Vuze schicken Suche alle Beiträge von Vuze « Sony HDR-CX130E Speichermedium?? | Panasonic HDC SD 909 » Aktive Benutzer in diesem Thema: 1 (Registrierte Benutzer: 0, Gäste: 1)   Themen-Optionen Druckbare Version zeigen Jemanden per E-Mail auf dieses Thema hinweisen Forumregeln Es ist Ihnen nicht erlaubt, neue Themen zu verfassen. Es ist Ihnen nicht erlaubt, auf Beiträge zu antworten. Es ist Ihnen nicht erlaubt, Anhänge hochzuladen. Es ist Ihnen nicht erlaubt, Ihre Beiträge zu bearbeiten. BB-Code ist an. Smileys sind an. [IMG] Code ist an. HTML-Code ist aus. Trackbacks are an Pingbacks are an Refbacks are an Foren-Regeln Ähnliche Themen Thema Autor Forum Antworten Letzter Beitrag Stativ geeignet für die Sony CX 115 theonly1ne Video-Zubehör 4 16.07.2011 12:57 Welcher Sony WW-Konverter 37mm? (auch für Unterwasser) Wickblau Sony Camcorder 11 14.02.2008 17:49 Semiprofessionelle Speicherkarten-HD-Kamera von Sony! Cici Sony Camcorder 39 02.01.2008 11:49 Alle Zeitangaben in WEZ +1. Es ist jetzt 22:32 Uhr. -- kleine Schriftgröße - blau/grün ---- normale Schriftgröße blau digitalvideoschnitt.de - die Community zum Thema Camcorder & Videoschnitt - Archiv - Nach oben Powered by vBulletin® Version 3.8.7 (Deutsch) Copyright ©2000 - 2014, vBulletin Solutions, Inc. home | kontakt | impressum | mediadaten | rss | toolbar © 2012 by analog multimedia LinkBack LinkBack URL About LinkBacks Bookmark & Share Digg this Thread! Add Thread to del.icio.us Bookmark in Technorati Furl this Thread! SEO by vBSEO 3.0.0 RC8 ","title":"Stativ für Sony HDR-CX130E - digitalvideoschnitt.de - das Videoschnitt- und Camcorder-Forum","desc":"Stativ für Sony HDR-CX130E Video-Zubehör","details":{"length":3220,"language":"de","date":"2014/10/31 16:18:39","type":"text/html","country":""},"crawling":{"duration":"1","date":"2014/10/31 16:18:39"},"metas":[{"name":"generator","value":"vBulletin 3.8.7"},{"name":"keywords","value":"Stativ,für,Sony,HDR,CX130E,Stativ für Sony HDR-CX130E, videoschnitt,camcorder,digitalvideoschnitt,adobe premiere,sony,ulead,aist,adobe,after effects,dvd,schnittplatz"},{"name":"description","value":"Stativ für Sony HDR-CX130E Video-Zubehör"},{"name":"abstract","value":"Die Community rund um Camcorder und Videoschnitt."},{"name":"robots","value":"index, follow"},{"name":"revisit-after","value":"7 Days"},{"name":"rating","value":"General"},{"name":"distribution","value":"Global"},{"name":"MSSmartTagsPreventParsing","value":"true"},{"name":"generator","value":"vBulletin"},{"name":"Expires","value":"-1"},{"name":"reply-to","value":"webmaster@digitalvideoschnitt.de"},{"name":"owner","value":"analog multimedia"},{"name":"classification","value":"Video Editing"},{"name":"Copyright","value":"analog multimedia"},{"name":"Author","value":""}],"uri":{"protocol":"http","domain":"de.digitalvideoschnitt.","url":"http://digitalvideoschnitt.de/forum/video-zubeha-r/61600-stativ-fa-r-sony-hdr-cx130e.html"}}}]}}